1890 3294
999 248 1053 290 36

280 382 351 424 tiis
391 380 544 423 nullam
586 393 670 421 esse
700 375 822 420 libris
851 373 1132 432 manuscriptis
1162 372 1462 424 auctoritatem,
1499 370 1621 414 nimis
1651 383 1768 427 saepe

280 458 415 501 iterari
447 472 528 499 non
559 459 707 512 potest.

341 535 410 576 Vs.
445 535 527 576 903
561 547 673 588 sqq.:

455 609 576 660 ‘'Ogcc
608 607 823 653 α’νάλωσιν
855 611 976 663 τηρεῖ
1011 609 1122 649 κατὰ
1157 610 1349 662 χρήματα
1382 607 1570 661 θηρῶν

457 687 632 741 κυδίςην
666 686 820 741 ἀρετὴν
854 690 941 733 τοῖς
974 688 1178 728 συνιεῖσιν
1208 682 1308 739 ἕχει.

339 763 390 806 In
437 763 485 805 iis
532 776 631 818 quae
680 760 862 803 coniecta
898 763 995 801 sunt
1035 757 1136 801 nihil
1172 761 1256 809 est,
1303 755 1410 812 quod
1451 753 1575 796 ullam
1626 751 1771 795 habeat

279 842 471 898 speeiem,
515 843 669 896 praeter
720 837 886 894 Bergkii
927 835 1195 892 suspicionem
1249 837 1422 891 Θήρων,
1474 845 1594 888 quam
1634 834 1771 872 tamen

279 919 415 961 falsam
448 932 531 960 esse
563 916 752 959 evincunt
782 929 837 957 vs.
863 915 945 955 923
978 927 1088 968 sqq.:
1113 915 1220 956 οὕτω
1244 910 1480 968 Δημόκλεις
1510 907 1663 964 (malim
1684 910 1772 966 Δη-

277 995 466 1051 μόκλεες)
502 998 588 1038 κτὲ.
649 990 767 1033 Nihil
790 989 895 1032 enim
928 993 990 1032 est
1011 1004 1060 1031 ex
1083 1003 1169 1030 mea
1198 987 1361 1044 quidem
1382 985 1583 1029 sententia
1609 982 1773 1028 eviden-

280 1070 362 1112 tius
388 1085 508 1127 quam
531 1069 602 1111 hos
634 1083 712 1110 VSS.
736 1082 785 1109 ex
815 1066 951 1109 eadem
984 1065 1115 1121 elegia.
1142 1064 1293 1121 petitos
1321 1078 1404 1105 esse
1437 1077 1526 1105 cum
1558 1059 1775 1118 superiori-

279 1145 365 1188 bus.
422 1144 580 1198 Quare,
611 1143 818 1200 repudiata
845 1142 1024 1199 speciosa
1057 1141 1126 1183 illa
1157 1145 1322 1196 propter
1367 1138 1533 1182 remedii
1563 1137 1774 1181 lenitatem

281 1221 536 1272 coniectura,
573 1219 763 1263 coniicio:

338 1299 460 1350 Ὀςις
492 1298 707 1342 ανάλωσιν
747 1302 864 1354 τηρεῖ
898 1300 1007 1339 κατὰ
1041 1293 1216 1353 χρήματ’
1247 1293 1515 1348 ἅθειρέως,

345 1376 521 1431 κυδίςην
555 1378 707 1432 ἀρετὴν
742 1380 831 1425 τοῖς
863 1379 1070 1417 <sumerum
1105 1373 1205 1429 ε”.χει

345 1450 546 1493 Videatur
578 1449 750 1507 Etymol.
783 1449 869 1492 M.:
906 1450 1176 1504 ἀθειρέως·
1210 1448 1415 1504 ἀκριβῶς,
1449 1449 1522 1490 καὶ
1546 1443 1776 1501 αθειρές,

287 1531 334 1572 τὸ
371 1529 561 1586 ἀκριβές.

347 1604 476 1646 Miror
515 1607 648 1646 autem
681 1602 738 1645 nil
776 1601 869 1644 mali
901 1601 1060 1643 criticos
1102 1600 1289 1642 odoratos
1321 1613 1409 1641 esse
1441 1611 1501 1640 vs.
1548 1597 1632 1638 923
1665 1608 1777 1652 sqq„

290 1694 389 1736 quos
422 1681 592 1736 scriptos
627 1679 784 1722 mallem
817 1678 858 1720 in
890 1678 1021 1720 hunce
1053 1677 1238 1720 modum:

409 1759 545 1809 Οὕτω,
578 1756 843 1813 Δημόκλεες,
881 1759 992 1799 κατὰ
1023 1755 1196 1813 χρήματ’
1220 1758 1397 1811 ἄριστον
1423 1755 1630 1796 ἁπάντων

409 1838 487 1889 τὴν
525 1835 726 1890 δαπάνην
760 1834 921 1876 θέσθαι
957 1835 1028 1876 καὶ
1060 1831 1239 1887 μελέτην
1278 1829 1563 1887 σχεθέμεν.

409 1916 503 1955 οὔτε
536 1914 616 1967 γὰρ
645 1914 702 1954 ἂν
737 1909 972 1966 προκαμὼν
1003 1908 1124 1964 ἄλλῳ
1160 1913 1353 1962 κάματον
1386 1903 1630 1959 μεταδοίης,

407 1986 496 2032 οὔτ’
523 1992 579 2032 ἂν
614 1989 841 2045 πτωχεύων
875 1985 1138 2041 δουλοσύνην
1175 1983 1472 2032 ταλάσαις,

293 2063 353 2105 vel
385 2063 513 2105 lenius
541 2062 659 2105 etiam
691 2063 901 2113 ταλάοις
934 2060 1030 2113 (sive
1063 2058 1197 2115 potius
1227 2071 1336 2100 more
1367 2055 1507 2099 Iouioo
1532 2052 1774 2110 ταλέοιςῖ),

289 2140 321 2182 si
361 2138 468 2182 verbi
509 2141 734 2183 ΤΑΛΑΩ
774 2136 890 2179 aliam
934 2136 1102 2178 formam
1148 2140 1304 2191 praeter
1345 2133 1574 2181 Amisum,
1618 2131 1658 2174 in
1701 2144 1776 2174 usu

291 2216 412 2258 fuisse
459 2219 671 2258 constaret.
746 2213 938 2256 Codices:
986 2213 1334 2269 δουλοσύνην
1378 2210 1618 2260 τελέαις,
1669 2205 1777 2264 quod

292 2292 387 2348 quid
420 2292 459 2335 h.
490 2292 515 2335 l.
550 2291 777 2347 significare
811 2289 937 2347 possit
973 2303 1051 2331 non
1092 2287 1191 2329 satis
1238 2286 1362 2342 capio.
1424 2285 1476 2327 Et
1512 2284 1775 2341 δουλυσύνην

291 2370 452 2411 tametsi
497 2369 761 2425 depravatum
808 2382 891 2410 esse
924 2382 1003 2411 non
1033 2365 1235 2422 spondeo,
1260 2364 1352 2420 quia
1386 2361 1623 2405 mendicitas
1646 2373 1777 2404 veram

292 2444 522 2488 hominibus
549 2445 772 2488 libertatem
810 2445 962 2501 eripere
994 2441 1128 2499 negari
1154 2455 1234 2483 non
1275 2444 1426 2496 potest:
1460 2436 1696 2495 praeferrem
1716 2440 1778 2478 ta-

291 2538 403 2574 men,
436 2522 468 2563 si
507 2523 547 2565 in
590 2522 726 2578 aliquo
761 2522 864 2564 libro
907 2522 965 2563 ita
988 2519 1180 2575 scriptum
1213 2521 1398 2569 exstaret,
1424 2517 1775 2574 χρημοσύνην

292 2599 353 2641 vel
385 2601 844 2658 πλαγκτοσύνην.

350 2676 470 2730 Quod
503 2677 637 2719 malim
671 2679 878 2735 σχεθέμεν
902 2690 973 2732 pro
996 2675 1140 2733 ἐχέμεν
1155 2706 1165 2725 ,
1200 2673 1292 2715 haee
1313 2686 1430 2714 eausa
1450 2674 1534 2721 est,
1558 2666 1665 2725 quod
1685 2670 1778 2723 post

293 2754 453 2797 θέσθαι
487 2767 564 2795 non
587 2752 780 2808 intellego
802 2767 884 2805 cur,
919 2766 999 2793 non
1028 2755 1184 2791 vetante
1217 2753 1367 2799 metro,
1390 2750 1506 2803 poeta
1531 2744 1777 2794 diversorum

293 2834 519 2884 temporum
567 2829 785 2871 Infinitiviz
821 2828 879 2871 uti
915 2826 1114 2870 maluerit.
1177 2823 1332 2867 Deinde
1366 2837 1444 2865 non
1478 2820 1577 2863 male
1608 2819 1776 2862 fortasse

293 2920 366 2947 van
390 2905 460 2947 der
483 2889 578 2962 Mey'
605 2921 641 2962 p.
677 2908 728 2947 46
764 2911 854 2961 post
873 2906 1078 2964 σχεθέμεν
1106 2901 1360 2944 inserendum
1389 2898 1546 2942 iudicat
1572 2896 1776 2940 distichon

294 2997 348 3025 vs.
383 2986 465 3025 559
503 2997 585 3039 sq.:
