1890 3294
973 238 1028 280 64

258 371 310 411 τὰ
361 365 500 410 πολλὰ
544 365 694 417 ’καλῶς
734 367 987 424 βασανίζειν
1041 369 1082 407 et
1134 364 1298 408 Pindari
1350 365 1398 408 fr.
1452 367 1534 408 136
1585 367 1740 426 (Bergk

255 443 319 485 ed.
350 442 463 498 ΙΙΙ);

492 521 663 577 ἀνδρῶν
697 520 876 564 δικαίων
911 523 1058 577 χρόνος
1096 524 1229 577 σωτὴρ
1262 525 1450 575 ἄριστος.

316 596 385 639 Vs.
423 596 668 639 973—976.
699 594 976 651 Oomponatur
991 594 1136 637 incerti
1169 599 1313 651 poetae
1340 595 1608 652 fragmentum
1634 596 1744 654 apud

259 671 520 716 Plutarchum
552 687 634 714 non
661 686 778 728 posse
807 671 980 714 suaviter
1008 671 1083 712 vivi
1111 685 1186 713 sec.
1217 670 1336 728 Epic.
1365 687 1450 729 cap.
1471 674 1552 716 26:

437 752 588 794 ἔπειτα
620 751 803 793 κείσεται
836 750 1125 807 βαθυδένδρῳ

439 832 484 872 ἐν
519 831 646 885 χθονὶ
679 829 923 882 συμποσίων
957 844 1000 869 τε
1034 829 1107 868 καὶ
1139 826 1272 882 λυρᾶν
1302 830 1478 883 ἄμοιρος

435 908 558 961 ἰαχᾶς
592 921 635 946 τε
665 903 934 959 παντερπέος
966 902 1126 947 αὐλῶν.

253 978 419 1022 Pindari
452 994 537 1021 esse
568 977 831 1034 probabiliter
860 978 1034 1020 coniecit
1066 977 1201 1033 Bergk
1232 977 1295 1021 ed.
1329 977 1400 1020 HI
1430 993 1469 1034 p.
1506 978 1634 1021 1343.

310 1057 379 1099 Vs.
419 1057 530 1098 1075
565 1069 652 1111 sqq.
699 1053 764 1097 Cf.
786 1053 1007 1096 Simonidei
1028 1053 1239 1109 Amorgini
1261 1053 1313 1097 fr.
1339 1068 1405 1109 ap.
1431 1052 1616 1104 Stob,98
1630 1085 1643 1104 ,
1664 1053 1744 1097 16:

429 1131 462 1177 ὦ
496 1141 602 1184 παῖ,
635 1133 754 1183 τέλος
785 1135 864 1188 μὲν
896 1135 1003 1183 Ζεύς
1035 1133 1122 1190 ἔχει
1155 1133 1431 1188 βαρύκτυπος

432 1217 608 1256 πάντων
640 1208 699 1252 ὅσ’
732 1211 818 1260 ἕςι,
852 1212 924 1252 καὶ
958 1205 1104 1264 τίθησ’
1132 1209 1216 1265 ὅπῃ
1250 1207 1385 1251 θέλει·

432 1292 527 1336 νόος
560 1284 598 1330 δ’
633 1288 708 1329 οὐκ
742 1283 808 1328 ἐπ’
841 1286 1161 1340 ἀνθρώποισιν·
1196 1281 1295 1327 ἀλλ’
1326 1286 1524 1339 ἐφήμεροι

431 1367 460 1407 ἃ
493 1363 545 1419 δὴ
577 1360 669 1421 βότ’
702 1365 786 1406 αιέὶ
821 1364 974 1418 ζῶμεν,
1011 1362 1136 1406 οὐδὲν
1170 1362 1351 1413 εἰδότες,

429 1443 543 1491 ὅπως
574 1440 731 1491 ’ἕκαςον
765 1438 1054 1493 ἐκπλευτήσει
1085 1441 1200 1489 θεὸς.

317 1514 383 1558 Vs.
420 1517 558 1558 1128:
585 1519 696 1573 ὄφρα
731 1533 774 1559 τε
804 1521 878 1570 γῆς
912 1516 1044 1573 ἐπέβη
1073 1511 1409 1569 δειμαλέονξ
1441 1531 1495 1557 τε
1525 1515 1747 1571 μυχούς.

258 1591 524 1634 Anacreontis
556 1591 603 1634 fr.
638 1606 702 1647 ap.
734 1590 849 1633 Stob.
876 1590 985 1634 Flor.
1023 1591 1129 1642 118,
1164 1591 1216 1632 13
1246 1588 1408 1646 (Bergk.
1435 1604 1474 1645 p.
1508 1590 1619 1633 1022
1645 1590 1744 1645 sq.),

258 1684 316 1711 vs,
350 1672 374 1711 5
403 1683 487 1724 sq.:

374 1744 561 1790 Ἀΐδεω
592 1751 671 1801 γάρ
705 1749 766 1797 ἐςι
799 1747 964 1795 δεινὸς
991 1748 1167 1801 μυχός,
1200 1743 1390 1800 ἀργαλέη
1419 1741 1458 1787 δ’
1483 1745 1525 1792 ἐς
1556 1742 1688 1803 αὐτόν

371 1824 574 1873 meacm·
607 1826 680 1865 καὶ
713 1825 792 1878 γὰρ
825 1826 996 1876 ἑτοῖμον
1027 1823 1272 1877 καταβάντι
1304 1823 1359 1875 μὴ
1392 1821 1626 1876 ἀναβῆναι.

316 1897 422 1940 Hinc
453 1897 563 1950 vide,
599 1913 648 1939 ne
680 1897 812 1940 tutius
836 1897 889 1939 sit
911 1897 1094 1939 lacunam
1119 1900 1295 1938 statuere
1315 1900 1406 1952 post
1427 1894 1591 1938 verbum
1614 1895 1748 1952 ἐπέβη

255 1989 387 2030 quam,
419 1974 526 2030 quod
557 1974 708 2016 factum
740 1979 816 2025 est,
839 1973 1082 2042 coniecturis
1104 1976 1260 2014 tentare
1282 1971 1473 2014 vocabula
1497 1971 1747 2029 δειμαλέους

257 2071 299 2096 τε
331 2055 504 2109 μυχούς.

316 2128 385 2171 Vs.
421 2129 530 2170 1135
553 2141 639 2183 sqq.
678 2126 912 2183 Comparari
937 2130 1074 2182 potest
1095 2125 1366 2181 fragmentum
1388 2123 1607 2168 Simonidis
1629 2122 1747 2167 modo

257 2205 448 2256 citatum,
484 2219 541 2246 vs.
575 2205 623 2247 6:

316 2284 436 2334 ἐλπὶς
469 2284 513 2326 δὲ
547 2287 715 2332 πάντας
747 2283 1029 2337 κοίπιπειθείη
1063 2280 1152 2333 (καὶ
1175 2282 1386 2337 πεποιθίη
1408 2277 1530 2335 ng.)
1563 2280 1707 2335 τρέφει

315 2365 540 2416 ἄπρηκτον
572 2361 874 2416 ὀρμαίνοντας”
909 2361 950 2402 οἱ
978 2361 1056 2414 μὲν
1090 2359 1247 2414 ἡμέρην

316 2437 519 2491 μένουσιν
554 2436 727 2487 ,Πιθεῖ-,ν
760 2439 801 2480 οἱ
832 2433 872 2479 δ’
903 2435 1032 2479 ἐτέων
1065 2440 1338 2491 περιτροπάς.
1371 2437 1460 2477 xri.

319 2512 390 2555 Vs.
439 2513 570 2555 1275:
621 2512 824 2556 θάλλει
867 2512 1159 2567 οἷεξομένη
1227 2508 1287 2552 Cf.
1336 2506 1532 2551 Simonid.
1581 2507 1745 2562 Amorg.

802 2588 1042 2607 ’’’’’
