1890 3294
974 228 1029 270 60

260 355 374 411 ἔχειν
401 369 423 395 a
449 353 589 396 scribis
611 368 701 396 oum
733 359 762 399 ἄ
777 375 802 409 7
817 373 833 398 ε
848 374 861 398 ι
876 374 900 400 ν
933 355 1143 398 confusum
1166 371 1254 400 esse
1277 362 1517 404 statuamus.
1549 361 1749 420 Exempla

259 428 407 484 ubique
439 429 638 485 prostant.

317 505 389 548 Vs.
423 508 506 550 417
541 521 624 562 sq.:

376 587 417 636 ἐς
449 588 641 641 βάσανον
678 583 716 628 δ’
741 585 884 630 ἐλθὼν
912 589 1231 645 παρατρίβομαι
1266 591 1345 640 ὥςε
1377 589 1571 649 μολίβδῳ

376 665 548 717 χρυσός,
587 664 926 720 ὑπερτερίης
963 662 1199 719 δ’ἄμμιν
1237 667 1389 718 ἕνεςι
1430 667 1606 722 λόγος.

315 737 410 780 1)υο
443 742 553 779 certa
586 737 740 789 dicam,
781 753 906 781 unum
938 739 1158 784 incertius..
1209 740 1373 799 Nempe*
1397 748 1554 788 eertum
1586 750 1648 788 est
1678 761 1750 803 pro

253 815 446 873 μολίβδῳ
487 815 756 871 reponendam
799 830 883 858 esse
926 816 1092 859 formam
1139 817 1303 874 probam
1349 824 1391 862 et
1430 821 1638 877 antiquam
1677 842 1749 880 μο·

254 892 419 950 λϋβδῳ,
454 907 585 948 neque
628 892 851 944 incertum,
895 892 1110 950 depravata
1142 908 1227 938 esse
1259 895 1380 938 verba
1412 901 1662 957 ὑπερτερίης
1691 925 1750 933 —

255 970 402 1023 λόγος,
445 969 591 1025 quibus
634 985 715 1011 non
764 970 978 1013 medeatur
1021 971 1226 1014 Diudorfii
1270 973 1498 1017 coniectura
1537 979 1639 1034 ἡμῖν
1679 991 1751 1034 pro

252 1051 411 1102 ἄμμιν,
458 1062 576 1103 quam
617 1046 784 1089 formam
833 1062 950 1090 nemo
987 1047 1176 1091 librarius
1225 1049 1284 1092 illi
1332 1050 1610 1096 substitueret.
1671 1052 1752 1096 Ni-

253 1122 399 1165 mirum
430 1123 519 1180 ipsa
551 1123 754 1165 sententia
785 1122 966 1172 laborat,
1004 1140 1078 1167 nee
1108 1125 1322 1182 quicquam
1353 1127 1443 1170 sani
1470 1143 1519 1171 ex
1548 1127 1643 1172 istis
1664 1131 1749 1172 erui

253 1204 398 1256 potest.
462 1199 673 1242 Welcker:
713 1200 836 1255 λόγος
881 1205 1146 1261 ὑπερτερίης,
1187 1220 1270 1261 per
1306 1206 1571 1262 penphrast'n
1610 1221 1684 1264 pro
1723 1214 1752 1266 ἠ

254 1279 478 1333 ὑπερτερίῃ
514 1281 615 1332 ἡμῖν
655 1279 794 1330 ἔνεςι,
834 1293 951 1321 nemo
981 1295 1053 1321 nos
1090 1289 1247 1339 aequat.
1309 1281 1428 1334 Quod
1465 1282 1619 1326 utinam
1655 1298 1749 1340 pro·

254 1352 387 1394 basset
418 1352 553 1408 potius
582 1365 704 1409 'quam
732 1353 915 1398 dixisset.
982 1356 1252 1401 Locutionem
1285 1361 1327 1410 ἐς
1362 1365 1586 1417 χρημάτων
1619 1361 1749 1415 λόγον

253 1432 427 1488 ἷσχύειν,
459 1434 530 1471 aut
561 1430 593 1472 si
628 1430 724 1486 quid
752 1435 813 1473 est
840 1431 929 1474 eius
952 1432 1112 1486 simile,
1145 1434 1247 1477 nihil
1279 1435 1359 1477 hue
1388 1434 1515 1478 faeere
1546 1435 1748 1493 propalam

251 1510 326 1549 est.
361 1507 569 1550 Intendite
595 1507 737 1564 igitur,
770 1491 968 1562 o'critici‚
993 1509 1118 1554 vires!
1156 1510 1265 1568 Ego,
1301 1525 1351 1554 ne
1381 1511 1455 1554 sim
1490 1513 1747 1570 ἀσύμβολος,

256 1583 450 1626 hariolor:

483 1664 788 1719 ὑπερτερίῃ
823 1661 1069 1719 δ’ἄμμου
1107 1665 1260 1717 ἕνεςι
1299 1665 1478 1720 λόγος.
1671 1718 1673 1720 q

252 1734 279 1777 i.
312 1749 347 1777 e.
390 1749 500 1778 meae
542 1750 636 1792 prae
680 1737 768 1779 aliis
806 1738 1071 1781 excellentiae
1102 1739 1210 1782 inest
1242 1740 1347 1783 ratio
1379 1754 1546 1784 numero
1577 1741 1748 1784 earentis

254 1826 394 1854 arenae
411 1845 421 1864 ‚
458 1814 542 1855 sive
571 1813 768 1857 immensa
799 1822 877 1867 est,
910 1819 957 1858 ut
986 1816 1035 1858 ad
1067 1821 1209 1859 notum
1241 1816 1442 1860 alludatur
1478 1816 1747 1873 proverbium.

254 1888 453 1931 Iactantia
495 1889 693 1932 neminem
737 1892 939 1944 offendet,
983 1893 1053 1949 qui
1090 1893 1238 1950 legerit
1269 1899 1308 1937 et
1338 1894 1438 1937 duos
1470 1909 1606 1937 versus
1636 1909 1747 1951 prae—

252 1980 410 2021 gressos
448 1971 489 2008 et
519 1966 606 2022 ipsa
638 1967 755 2010 haec:
799 1973 1119 2028 παρατρίβομαι
1159 1996 1211 2002 -—
1243 1976 1405 2029 χρυσός.
1468 1970 1578 2014 Male
1610 1976 1747 2015 autem

252 2042 446 2098 Hartung
466 2043 675 2100 proposuit
697 2046 1049 2104 παραβάλλομαι,
1082 2061 1163 2089 non
1185 2046 1428 2104 intellegens
1451 2063 1615 2091 sensum
1637 2063 1743 2092 ense:

252 2123 311 2176 τῴ
346 2123 521 2178 βασάνῳ
552 2123 822 2179 τρίβομαι
855 2125 912 2174 ὥς
942 2127 1093 2179 παρὰ
1121 2124 1342 2183 μόλυβδον
1375 2130 1548 2184 χρυσός,
1581 2125 1609 2168 ἰ.
1631 2139 1665 2169 ο.
1698 2129 1747 2169 ut

251 2195 364 2237 iuoeta
396 2195 608 2251 plumbum
640 2213 793 2240 aurum.

314 2271 383 2314 Vs.
418 2273 500 2314 625
535 2288 592 2329 sq.
625 2273 897 2330 intellegerem
932 2274 989 2317 sic
1019 2275 1212 2332 scriptos:

343 2352 607 2405 ῥηίτερον
642 2352 880 2405 φρονέοντα
913 2349 1014 2408 παρ’
1036 2356 1191 2408 ἄφροσι
1226 2353 1352 2397 πόλλ’
1375 2355 1598 2411 ἀγορεύειν

339 2429 366 2479 ἦ
397 2431 523 2477 σιγᾶν
555 2429 668 2469 αιέί·
703 2432 827 2471 τοῦτο
862 2432 942 2484 γὰρ
975 2430 1023 2472 οὐ
1057 2429 1261 2474 δυνατόν.

311 2497 465 2554 Vulgo:
502 2502 786 2557 ἀργαλέον
817 2527 875 2534 -
908 2507 1003 2547 καὶ
1038 2511 1178 2559 σιγᾶν.
1229 2504 1394 2548 Servate
1424 2506 1654 2563 ἀργαλέον,
1684 2505 1745 2548 vel

253 2573 399 2615 maiore
434 2575 641 2618 molimine
674 2577 952 2632 corrigendum
987 2578 1038 2620 sit
1070 2585 1203 2635 ῥῇον
1236 2582 1315 2637 δίῐ
1345 2588 1533 2636 σιγᾶν·
1569 2586 1656 2626 ιιι-ἑ.

316 2649 380 2693 Vs.
413 2651 523 2701 608,
566 2658 796 2707 comparato
829 2653 949 2695 simili
984 2654 1093 2704 loco,
1135 2658 1221 2699 419
1255 2671 1336 2712 sq.,
1367 2656 1561 2713 suspicari
1590 2656 1745 2713 possis:

1175 2733 1244 2776 οἷά
1277 2752 1353 2789 περ
1386 2731 1510 2776 οἶδα

546 2806 620 2848 οὐκ
655 2810 712 2849 ἂν
745 2813 959 2863 σιγῴην
993 2813 1079 2852 κτὲ.

252 2877 372 2931 idque
406 2894 528 2935 prope
560 2879 722 2932 absum,
757 2885 802 2922 ut
824 2897 960 2924 verum
983 2898 1067 2925 esse
1088 2888 1240 2939 putem.
1274 2884 1438 2940 Bergkii
1461 2884 1566 2926 enim
1589 2884 1743 2927 coniec-

253 2957 369 3005 tura,
411 2955 460 2997 de
503 2971 581 3011 qua
622 2956 704 2998 dixi
747 2971 837 3013 pag.
873 2960 952 3009 28,
992 2959 1067 3002 hoe
1108 2959 1267 3002 laborat
1307 2960 1586 3011 incommodo,
1633 2959 1741 3016 quod
