1890 3294
1030 253 1084 294 52

292 385 398 427 Nam
440 381 559 425 verbo
603 383 925 434 ἀναφαίνεσθαι
959 377 1083 420 ferme
1115 375 1260 419 Graeci
1294 367 1466 418 utuntur
1496 373 1548 417 de
1577 373 1652 426 iis,
1682 387 1787 430 quae

291 461 417 503 subito
446 466 617 516 praeter
648 455 982 513 exspectationem
1013 461 1238 510 apparent,
1281 458 1422 497 contra
1452 455 1785 509 ἀναφύεσθαι

294 538 343 581 de
386 538 459 589 iis,
501 550 605 594 quae
634 541 776 591 sponte
805 539 1024 575 naseuntur
1053 539 1091 574 et
1122 531 1272 574 herbae
1300 530 1494 573 sur-malive
1521 529 1651 571 imitar
1679 528 1787 571 laete

292 617 532 659 adolescunt.
601 614 726 655 Recte
757 611 906 668 legitur
937 610 1046 667 apud
1077 609 1266 651 Solonem
1297 608 1346 650 fr.
1379 606 1454 659 IV,
1487 606 1566 648 36:

559 692 730 734 αὐαίνει
763 690 954 744 δ’ἄτης
985 692 1170 732 ἄνθεα
1202 689 1468 740 φυόμενα.

291 769 523 823 Utrumque
555 765 720 808 verbum
749 779 838 806 cum
867 762 964 805 alibi
998 761 1210 805 confusum
1241 759 1347 811 vidi,
1371 764 1460 801 tum
1486 756 1596 814 apud
1628 756 1785 813 Sopho-

292 846 394 888 clem
425 845 468 886 in
500 844 623 886 Aiace
654 857 712 883 vs.
747 841 830 882 646
865 855 949 895 sq.‚
980 853 1083 894 quos
1115 838 1172 880 sic
1203 835 1397 892 legendos
1430 834 1582 878 videri:

467 918 641 965 ἅπανθ’
663 923 686 962 ό
715 922 875 975 μακρὸς
908 919 1232 972 κοέναρίθμητος
1266 917 1414 972 χρόνος

471 1000 664 1053 φαίνει
697 995 733 1039 τ’
756 995 901 1052 ἄδηλα
933 997 1005 1037 καὶ
1039 993 1290 1049 φανέντα
1324 993 1556 1048 κρύπτεται

294 1077 372 1118 iam
404 1074 560 1130 aliquot
590 1072 736 1115 abhinc
768 1071 886 1113 annis
919 1069 1058 1112 monui
1089 1068 1131 1111 in
1162 1067 1341 1110 editione
1375 1081 1461 1109 mea
1482 1065 1631 1122 Oedipi
1661 1063 1785 1120 Regis

293 1167 382 1208 pag.
421 1153 475 1193 92
507 1150 559 1192 ad
591 1164 648 1191 VS.
686 1150 784 1191 132.
825 1146 1018 1188 Similiter
1048 1144 1177 1187 Cobet
1210 1153 1346 1200 φύσας
1377 1143 1421 1185 in
1453 1148 1591 1199 φήνας
1621 1141 1785 1184 refinxit

292 1229 399 1285 apud
426 1227 742 1283 Aristophanem
769 1225 812 1266 in
834 1226 976 1280 Ὡρῶν
1016 1222 1245 1278 fragmento
1277 1221 1300 1263 Ι
1331 1219 1434 1277 apud
1466 1217 1720 1262 Meinekium
1739 1216 1784 1260 in

293 1306 339 1348 F.
362 1305 408 1349 C.
439 1304 491 1348 G.
517 1304 564 1347 II
590 1318 682 1359 pag.
713 1303 840 1344 1171.
904 1300 966 1342 De
999 1299 1126 1342 vocali
1148 1302 1305 1355 praeter
1335 1295 1671 1339 consuetudinem
1691 1307 1785 1350 pro·

294 1385 417 1427 ducta
441 1382 531 1425 vide
557 1396 661 1436 quae
682 1378 872 1422 adnotavi
890 1392 1010 1434 supra
1026 1391 1116 1433 pag.
1137 1377 1187 1418 27
1224 1375 1275 1418 ad
1293 1389 1353 1417 vs.
1371 1375 1472 1416 537.
1498 1371 1559 1415 Of.
1578 1386 1634 1414 vs.
1655 1370 1783 1414 1134.

351 1460 420 1503 Vs.
454 1459 553 1501 267.
616 1456 715 1499 Noli
757 1471 778 1498 e
820 1454 999 1497 versione
1043 1468 1132 1496 mea
1174 1467 1266 1509 pag.
1314 1452 1393 1502 18,
1425 1464 1526 1506 quae
1554 1453 1618 1491 est
1647 1445 1784 1503 paullo

292 1537 470 1588 liberior,
500 1535 652 1577 efficere
685 1547 747 1575 me
777 1531 920 1574 habere
954 1530 1136 1572 voculam
1169 1547 1234 1573 τοι
1267 1542 1339 1583 pro
1367 1524 1606 1582 pronomine
1628 1521 1675 1566 Π
1694 1536 1785 1579 per-

293 1629 426 1658 sonae.
460 1612 592 1668 Magis
625 1610 676 1652 ad
709 1610 868 1652 literam
899 1607 1053 1664 possis:
1095 1604 1286 1663 Coynosci
1308 1603 1496 1661 profecto
1518 1608 1654 1659 potest
1676 1614 1784 1657 pau-

284 1699 448 1749 pertas,
496 1688 674 1748 quamvis
715 1687 853 1729 aliena
891 1685 964 1735 θέω
1005 1684 1033 1727 i.
1073 1698 1130 1735 e.‚
1173 1687 1219 1725 ut
1256 1681 1364 1732 dixi,
1394 1681 1485 1723 licet
1507 1679 1595 1736 ipse
1617 1690 1786 1735 pauper

293 1784 373 1810 non
404 1767 476 1819 sis,
501 1765 632 1824 facite
661 1764 758 1822 quid
786 1763 983 1820 qualeque
1006 1767 1236 1818 paupertas
1265 1759 1336 1811 sit,
1366 1758 1590 1814 intelleqas.

351 1845 421 1888 Vs.
457 1845 554 1886 295.
598 1841 663 1883 Ad
690 1840 960 1883 coniecturam
988 1852 1114 1879 meam
1142 1836 1251 1893 (pag.
1274 1837 1347 1890 21)
1380 1834 1544 1890 insuper
1574 1830 1785 1875 conferan-

292 1929 359 1966 tur
391 1937 468 1965 vsS.
500 1921 606 1972 593,
628 1918 728 1969 657,
755 1917 864 1967 989,
897 1914 965 1957 ubi
995 1912 1198 1969 Theognis
1226 1911 1346 1954 verbo
1372 1914 1564 1955 οἷσᾶσθαι
1587 1922 1684 1951 usus
1706 1910 1781 1949 est.

351 1999 419 2042 Vs.
438 1999 548 2040 490:
582 2001 659 2051 τὴν
684 1995 728 2038 δὲ
754 1999 872 2042 θεοῖς
895 1992 1108 2042 σπένδεις,
1145 1994 1234 2045 τὴν
1269 1987 1306 2032 δ’
1325 1992 1409 2032 ἐπὶ
1442 1989 1609 2046 χειρὸς
1632 1987 1782 2044 ἔχεις.

292 2075 354 2117 Ex
395 2070 694 2129 suspicionibus
727 2070 903 2111 virorum
937 2067 1151 2109 doctorum
1186 2065 1286 2107 mihi
1319 2063 1481 2120 quidem
1515 2076 1610 2119 prae
1642 2058 1783 2104 ceteris

292 2153 422 2208 placet
459 2149 715 2205 Bergkiana‚
748 2145 1006 2190 scribendum
1038 2158 1149 2185 esse:
1195 2147 1272 2197 τὴν
1308 2140 1347 2185 δ’
1372 2145 1443 2185 ἐπὶ
1477 2140 1614 2198 χεῖλος
1643 2143 1782 2192 ἄγεις.

292 2229 443 2271 Nescio
476 2234 610 2269 tamen
643 2241 695 2268 an
727 2224 790 2267 vel
819 2223 950 2266 lenius
983 2218 1282 2264 emendandum
1315 2217 1395 2259 sit:

410 2311 487 2361 τὴν
520 2306 564 2348 δὲ
593 2309 711 2352 θεοῖς
743 2301 963 2352 σπένδεις,
999 2287 1055 2354 τῇ
1088 2297 1123 2340 δ’
1148 2300 1239 2340 ἐπὶ
1275 2295 1465 2352 χεῖλος
1499 2294 1663 2350 ἔχεις.

351 2381 420 2424 Vs.
455 2383 554 2423 641.
590 2378 800 2434 Emperius
833 2379 937 2418 recte
969 2373 1215 2416 addubitans
1246 2370 1457 2413 sanitatem
1491 2366 1657 2411 articuli
1686 2370 1782 2409 ante

293 2464 479 2517 ἐχθρὸν,
512 2456 643 2498 minus
676 2453 848 2497 feliciter
879 2451 937 2493 sic
967 2449 1152 2493 refinxit:

466 2539 515 2578 οὔ
551 2552 631 2577 τοι
666 2532 702 2576 κ’
727 2532 879 2586 εἰδείης
911 2526 1000 2573 οὔτ’
1024 2531 1176 2570 εὔνουν
1211 2528 1305 2568 οὔτε
1340 2541 1425 2567 τοι
1458 2524 1634 2580 ἐχθρόν.

290 2609 583 2667 Reponendum
618 2607 796 2650 videtur:
830 2610 925 2650 οὔτε
958 2603 1058 2647 τιν’
1081 2606 1252 2659 ἐχθρόν.

351 2687 419 2729 Vs.
462 2688 545 2729 659
589 2700 675 2740 sqq.
718 2685 832 2739 (pag.
873 2681 975 2730 30):
1018 2676 1083 2719 Ad
1116 2675 1357 2718 sententiam
1389 2670 1585 2729 imprimis
1616 2670 1661 2713 cf.
1699 2683 1779 2712 ves.

295 2765 376 2806 133
410 2778 496 2819 sqq.

347 2840 420 2881 Vs.
454 2841 533 2881 817
570 2853 629 2894 sq.
672 2836 830 2892 spirant
861 2836 1031 2875 aetatem
1064 2834 1106 2871 et
1143 2827 1350 2884 ingenium
1393 2821 1777 2873 Alexandrinorum,

287 2917 337 2958 ed
368 2931 539 2971 quorum
568 2911 798 2968 exemplum
831 2911 1018 2964 argutum
1054 2905 1130 2947 hoc
1161 2901 1362 2946 scribendi
1392 2912 1518 2956 genus
1547 2897 1590 2940 in
1619 2895 1778 2939 deliciis

291 2993 359 3035 uit
392 2992 521 3049 poetis
553 2988 735 3038 Latinis,
767 3001 861 3043 prae
892 2982 1037 3027 ceteris
1070 2978 1243 3023 Nasoni.
