1890 3294
1031 208 1082 249 16

299 320 408 364 litati
449 330 694 378 occurreret,
744 332 831 371 tum
874 330 996 374 etiam
1035 332 1231 389 fortasse,
1279 344 1324 381 ut
1365 340 1445 384 ista
1488 357 1561 400 pro
1603 348 1795 403 genuinis

300 398 528 442 venditaret
569 402 832 458 popularibus
876 408 975 451 suis.
1037 410 1156 464 Quod
1188 419 1324 459 autem
1356 419 1510 463 attinet
1540 422 1592 466 ad
1621 424 1793 472 istarum

299 489 496 531 nugarum
534 485 841 534 argumentum,
886 484 1008 528 nimis
1045 488 1107 530 vir
1138 489 1392 537 doctissimus
1425 496 1616 543 miserum
1648 516 1787 547 earum

298 553 545 597 conditorem
568 556 789 613 exagitasse
812 559 913 602 mihi
936 562 1108 607 videtur.
1147 566 1309 612 Etenim
1337 570 1434 614 talia
1455 587 1539 617 non
1561 575 1614 619 ad
1632 591 1789 623 morum

296 635 525 673 nostrorum
570 638 810 692 nostraeque
851 637 1116 684 humanitatis
1160 659 1364 700 normam,
1409 649 1479 692 sed
1519 651 1570 694 ad
1601 653 1786 710 exiguam

295 702 538 749 Graecarum
579 708 640 751 his
684 711 734 754 de
764 712 884 757 rebus
916 717 1152 772 opinionum
1185 724 1439 768 severitatem
1471 727 1668 786 exigenda
1698 746 1788 777 esse

292 788 333 822 et
375 781 632 829 diiudicanda
673 789 858 844 equidem
902 793 1087 838 arbitror.
1150 798 1215 841 Ne
1255 801 1502 858 antiquiores
1547 806 1712 862 quidem
1744 815 1787 852 et

289 859 517 916 Theognidi
563 865 747 920 aequales
788 874 928 924 poetas
970 872 1022 915 ab
1065 874 1144 918 ista
1183 875 1273 920 labe
1314 879 1515 925 immunes
1555 899 1642 928 esse
1683 887 1783 930 satis

289 951 486 994 superque
528 946 698 985 constat.
762 943 886 999 Quis,
933 953 979 990 ut
1018 951 1093 993 hoc
1135 958 1240 1006 utar,
1273 971 1346 1012 pro
1377 973 1471 1002 suae
1501 962 1649 1005 aetatis
1678 963 1782 1020 pede

289 1015 531 1072 moduloque
573 1017 735 1062 meliore
777 1021 881 1065 vitae
925 1040 1157 1085 morumque
1198 1032 1305 1076 fama
1346 1035 1449 1080 vixit
1478 1053 1599 1095 quam
1630 1040 1780 1086 Pinda-

286 1092 385 1134 rus?
415 1091 537 1136 Hunc
567 1098 704 1138 tamen
726 1097 818 1140 vide
839 1100 937 1155 quid
969 1117 1112 1148 canere
1133 1122 1215 1150 non
1236 1110 1447 1155 erubescat
1467 1113 1510 1157 in
1531 1114 1778 1174 fragmento,

285 1168 393 1223 quod
425 1171 597 1212 servavit
628 1172 744 1215 nobis
776 1176 1007 1222 Athenaeus
1038 1182 1150 1227 XIII
1183 1187 1264 1230 601
1300 1187 1371 1232 C.:

282 1252 408 1303 Χρῆν
440 1252 518 1304 μὲν
553 1255 664 1294 κατὰ
697 1257 845 1311 καιρὸν
879 1259 1045 1314 ἐρώτων
1070 1262 1328 1319 δρέπεσθαι,
1349 1270 1486 1325 θυμέ,
1509 1273 1585 1316 σῦν
1607 1272 1775 1331 ἁλικίᾳ·

283 1327 358 1373 τὰς
390 1324 434 1367 δὲ
454 1327 665 1377 Θεοξένου
696 1331 877 1384 ἀκτῖνας
909 1341 1140 1391 προσώπου
1170 1346 1511 1400 μαρμαριζοίσας
1543 1348 1714 1405 δρακείς

279 1404 325 1452 ὃς
353 1407 408 1457 μὴ
440 1407 565 1460 πόθῳ
599 1409 880 1462 κυμαίνεται,
922 1414 967 1463 ἐξ
998 1415 1244 1470 ἀδάμαντος

277 1485 304 1535 η’“
336 1480 511 1536 σιδάρου
543 1483 826 1541 κεχάλκευται
859 1490 1043 1544 καρδίαν

282 1566 425 1614 ψυχρᾷ
459 1557 604 1611 φλογί,
639 1564 742 1616 πρὸς
780 1561 818 1605 δ’
848 1561 1117 1621 Ἀφροδίτας
1149 1572 1406 1626 ἀτιμασθεὶς
1431 1575 1804 1635 ἑλικοβλεφάρου.

275 1637 302 1686 ἠ
329 1636 425 1689 περὶ
457 1641 633 1690 χρήμασι
665 1641 862 1695 μοχθίζει
891 1643 1061 1698 βιαίως,
1093 1651 1121 1701 ἤ
1149 1653 1387 1708 γυναικείῳ
1419 1658 1571 1708 θράσει

275 1713 448 1766 ψυχρὰν
482 1719 675 1767 φορεῖται
708 1723 852 1762 πᾶσαν
884 1719 986 1764 ὁδὸν
1023 1728 1293 1785 θεραπεύων,

271 1785 366 1828 ἀλλ’
400 1789 481 1840 ἐγὼ
516 1790 636 1833 τᾶσδ’
670 1791 793 1836 Γἕκατι-ι
829 1799 954 1852 κηρὸς
985 1801 1043 1848 ὣς
1074 1800 1254 1859 δαχθεὶς
1287 1803 1366 1860 ἕλᾳ

271 1865 368 1918 ἱράν
385 1865 587 1919 μελισσᾶν
608 1873 804 1924 τάκομαι,
822 1867 906 1916 εὖτ’
923 1877 980 1918 ἂν
998 1875 1076 1919 ἴδω
1087 1879 1257 1923 παίδων
1272 1885 1468 1934 νεόγυιον
1481 1885 1524 1932 ἐς
1535 1885 1664 1942 ἥβαν·
1676 1889 1761 1931 uti.

330 1939 410 1992 Qui
443 1941 556 1997 plura
588 1942 628 1983 id
661 1957 789 1997 genus
821 1948 1013 2003 requirit,
1047 1950 1154 2007 legat
1184 1953 1285 1996 mihi
1317 1954 1452 2012 Ibyci
1486 1957 1533 2002 fr.
1558 1962 1607 2012 2,
1639 1961 1758 2003 Ana·

269 2017 484 2059 creontis
526 2018 576 2061 fr.
613 2022 661 2071 2,
708 2022 755 2072 3,
802 2024 853 2074 4,
888 2026 964 2078 24,
999 2028 1079 2079 45,
1111 2029 1190 2081 46,
1225 2033 1305 2083 663
1339 2032 1616 2079 Mimnermi
1645 2035 1695 2082 fr.
1731 2038 1751 2080 1

267 2098 306 2133 et
339 2094 387 2145 5;
422 2093 618 2136 Solonis
649 2095 695 2139 fr.
731 2099 810 2147 24,
844 2104 884 2142 et
917 2103 995 2155 25,
1029 2105 1136 2159 quod
1172 2111 1232 2149 est
1263 2112 1335 2151 cur
1364 2111 1613 2156 adscribam:

384 2171 479 2214 ἔσθ’
510 2175 614 2230 ὴβης
647 2178 863 2232 ἐρατοῖσιν
898 2182 943 2224 ἐν
979 2186 1136 2227 ἄνθεσι
1172 2187 1464 2247 παιδοφιλήσῃ

381 2255 526 2305 μηρῶν
560 2253 728 2308 ἱμείρων
762 2257 833 2298 καὶ
866 2256 1072 2315 γλυκεροῦ
1106 2266 1328 2317 στόματος.

325 2322 401 2365 His
442 2324 549 2367 enim
591 2325 729 2380 lectis,
773 2335 820 2372 ut
862 2332 1014 2387 opinor,
1058 2351 1138 2379 non
1175 2338 1354 2395 ambiges
1390 2355 1471 2397 quo
1501 2357 1623 2386 sensu
1653 2343 1753 2388 aoei-

263 2399 407 2455 pienda
439 2401 523 2442 sint
556 2401 622 2443 illa
654 2419 756 2459 quae
789 2409 962 2451 servavit
993 2410 1036 2453 in
1068 2410 1217 2468 Lyside
1249 2430 1287 2472 p.
1321 2418 1404 2459 212
1439 2425 1478 2462 Ε
1510 2418 1642 2462 Plato:

381 2478 571 2535 ὄλβιος
603 2474 639 2538 ᾦ
670 2485 871 2535 παῖδές
906 2505 956 2530 τε
989 2489 1146 2542 φίλοι
1180 2495 1251 2535 καὶ
1281 2497 1475 2552 μώνυχες
1506 2498 1634 2541 ἵπποι

377 2558 450 2597 καὶ
484 2559 605 2606 κύνες
636 2561 840 2614 α’γρευταὶ
876 2567 947 2606 καὶ
981 2566 1104 2618 ξένος
1140 2568 1400 2622 ἀλλοδαπός.

317 2627 412 2671 Nou
447 2629 574 2685 igitur
606 2633 704 2676 vitio
738 2637 975 2682 vertendum
1005 2647 1206 2696 poetastro
1229 2651 1389 2698 nostro,
1422 2647 1528 2703 quod
1550 2647 1650 2691 facit
1673 2664 1747 2692 van

258 2703 328 2746 der
369 2705 462 2762 Mey
502 2723 542 2763 p.
577 2709 656 2761 33,
698 2710 732 2752 si
775 2712 872 2756 haec
910 2715 1029 2759 verba
1058 2717 1107 2761 de
1138 2734 1350 2775 puerorum
1383 2737 1517 2766 amore
1548 2724 1743 2781 interpre-

256 2786 367 2824 tatus
397 2782 584 2826 similiter
614 2787 726 2829 canit
757 2804 814 2832 vs.
850 2792 986 2835 1255:

370 2860 486 2911 ὅστις
516 2865 571 2916 μὴ
605 2864 766 2914 παῖδας
794 2884 837 2909 τε
870 2868 989 2923 φιλεῖ
1022 2874 1093 2914 καὶ
1125 2877 1330 2931 μώνυχας
1361 2877 1521 2928 ἵππους

372 2940 446 2978 καὶ
482 2941 631 2991 κύνας,
666 2946 819 2986 οὔποτε
852 2947 893 2987 οἱ
924 2950 1062 3003 θυμὸς
1095 2951 1141 2993 ἐν
1173 2954 1422 3009 εὐφροσύνῃ.
