1890 3294
999 257 1056 298 38

511 383 824 433 κρύπτουσιν,
861 383 1037 437 θέμενοι
1069 387 1209 438 θυμὸν
1241 384 1481 438 ἐφημέριον.

278 469 376 510 pro:
517 457 760 513 κρύπτουσ’,
798 460 1025 515 ἐνθέμενοι
1059 464 1146 504 κτὲ.

336 532 406 574 Vs.
441 533 524 574 973
558 547 668 588 sqq.:

453 611 603 662 Οὐδεὶς
631 611 899 666 ἀνθρώπων,
939 615 988 657 ὃν
1024 611 1158 668 πρῶτ’
1191 616 1259 656 ἐπὶ
1293 618 1399 667 γαῖα
1427 613 1600 670 καλύψῃ

456 690 514 738 εἷς
543 685 582 731 τ’
614 687 797 745 ’Ἔρεβος
830 691 1024 746 καταβῇ,
1064 691 1242 745 δώματα
1272 694 1564 746 Περσεφόνης,

463 765 663 820 τέρπεται
701 769 796 809 οὔτε
832 765 959 822 λύρης
992 765 1079 810 οὔτ’
1116 766 1349 823 αὐλητῆρος
1380 769 1573 816 ἀκούων,

454 847 550 887 οὔτε
586 846 808 886 Διωνύσου
836 842 935 898 δῶρ’
971 847 1385 904 ἐσαειράμενος.

339 919 513 960 Ultimus
544 933 662 974 quem
694 917 886 974 adscripsi
914 933 1053 961 versus
1086 933 1166 961 non
1195 919 1272 961 nisi
1295 919 1451 962 levibus
1475 917 1634 962 mendis
1649 918 1765 961 affec·

274 1000 342 1039 tus
366 995 544 1047 videtur,
578 1010 678 1050 quae
711 995 827 1037 facile
857 995 966 1038 eluas
999 995 1229 1039 scribendo:

334 1148 387 1190 Et
419 1148 565 1204 requiri
606 1148 798 1191 Praesens
837 1155 995 1205 tempus
1021 1151 1099 1192 iam
1133 1151 1385 1193 intellectum
1417 1154 1480 1192 est
1507 1164 1531 1192 a
1554 1149 1765 1192 Schaefero

272 1231 314 1268 et
334 1225 532 1281 BergkiO,
567 1240 736 1282 quorum
760 1227 826 1268 hic
856 1241 973 1269 usum
997 1226 1107 1269 verbi
1132 1230 1332 1283 αἴρεσθαι
1368 1226 1442 1269 hac
1472 1226 1515 1269 in
1541 1240 1584 1269 re
1605 1225 1766 1282 egregie

276 1303 570 1345 demonstravit
601 1302 649 1344 ad
682 1318 739 1346 VS.
777 1305 859 1345 500
889 1318 946 1358 sq.
1007 1303 1089 1356 Qui
1125 1308 1258 1346 autem
1291 1318 1427 1346 versus
1452 1303 1561 1346 hunc
1590 1300 1766 1358 excipit:

393 1385 511 1425 ταῦτ’
542 1386 699 1436 ἐσορῶν
735 1382 976 1437 κραδίην
1011 1378 1056 1424 εὖ
1082 1384 1281 1438 πείσομαι
1316 1386 1411 1429 κτὲ.4

275 1457 491 1512 interpreti
516 1456 687 1499 nimium
719 1456 911 1499 molestus
938 1462 1013 1504 est,
1033 1457 1230 1513 siquidem
1262 1472 1344 1500 non
1376 1455 1639 1513 intellegitur,
1666 1454 1766 1512 quid

272 1533 325 1575 sit
362 1531 406 1577 εὖ
438 1539 615 1591 πάσχειν
654 1538 732 1588 τὴν
770 1534 971 1589 καρδίαν.
1036 1532 1094 1575 Ni
1131 1533 1269 1586 fallor,
1304 1518 1423 1590 poeta
1458 1547 1568 1576 more
1603 1531 1766 1575 Graecis

271 1609 529 1666 perfamiliari
557 1624 622 1652 cor
652 1624 767 1652 suum
801 1609 1040 1664 alloquitur,
1075 1625 1243 1654 canens:

331 1687 451 1731 ταῦτ’
484 1690 669 1743 ἐσορῶν,
709 1688 935 1744 κραδίη,
970 1684 1015 1731 εὖ
1045 1690 1267 1743 πείσομαι,
1299 1687 1393 1745 ὄφρ’
1423 1688 1484 1732 ἔτ’
1517 1688 1681 1744 ἐλαφρά

333 1767 525 1816 γούνατα
555 1767 626 1807 καὶ
663 1765 852 1818 κεφαλὴν
886 1765 1093 1820 ἀτρεμέως
1123 1765 1334 1821 προφέρω.

239 1889 242 1894 .
273 1838 332 1881 Cf.
367 1838 506 1895 Eurip.
530 1838 641 1881 Med.
682 1840 811 1891 1242;
845 1839 930 1882 Alc.
968 1841 1066 1892 840,
1110 1841 1244 1892 1056;
1283 1842 1352 1883 Ar.
1386 1840 1484 1884 Ach.
1513 1841 1624 1890 484,
1656 1840 1766 1896 449,

275 1916 373 1958 479.
405 1915 460 1958 Et
487 1916 576 1971 quis
597 1917 758 1971 ignorat
784 1916 1045 1959 Homericum
1068 1916 1189 1959 illud:
1220 1918 1403 1962 τέτλαθι
1434 1917 1503 1973 δή,
1538 1917 1764 1974 κραδίη,

275 1998 359 2033 aut:
395 1990 513 2036 εἷπε
550 1995 682 2049 πρὸς
712 1996 771 2037 ὃν
803 1993 1071 2050 μεγαλήτορα
1106 1999 1301 2049 θυμόν,
1335 1992 1441 2049 quod
1465 2007 1546 2036 non
1575 1991 1768 2035 debuerat

275 2068 432 2110 Bekker
460 2068 608 2124 ubique
644 2068 822 2111 locorum
861 2068 1072 2112 obliterare
1110 2068 1344 2112 scribendo:
1375 2074 1463 2115 ἑόν
1495 2069 1765 2126 μεγαλήτορα

275 2145 449 2200 θυμόνῗ)
513 2145 605 2201 Ipse
637 2150 775 2188 noster
810 2161 867 2189 vs.
902 2147 1011 2188 695:

393 2224 452 2266 Οὐ
486 2224 674 2278 δύναμαί
707 2239 795 2273 σοι,
830 2224 994 2279 θυμέ,
1023 2231 1258 2282 παρασχεῖν
1291 2230 1456 2282 ἄρμενα
1488 2230 1645 2269 πάντα.

273 2298 333 2341 Cf.
371 2300 505 2340 1029:
677 2300 843 2355 Τόλμα,
880 2298 1048 2355 θυ’μέ,
1084 2308 1250 2344 κακοῖσι
1285 2306 1374 2345 κτὲ.

335 2374 505 2417 Hiatum
527 2375 569 2417 in
592 2374 670 2417 arsi
694 2379 787 2417 ante
810 2389 1014 2418 caesuram
1043 2376 1270 2433 legitimum
1297 2392 1393 2429 esse,
1422 2391 1541 2434 supra
1556 2376 1636 2420 iam
1662 2375 1765 2419 vidi-

273 2466 379 2493 mus,
427 2451 559 2502 Quem
588 2452 721 2507 ipsum
759 2452 1063 2495 reformidantes
1085 2452 1252 2496 fortasse
1284 2453 1497 2510 magistelli
1519 2453 1615 2497 huie
1634 2453 1764 2497 versui

273 2526 501 2570 intulerunt
548 2528 846 2572 Accusativum.

334 2604 547 2646 Difficilior
578 2604 626 2646 ad
659 2604 951 2647 emendandum
980 2610 1040 2647 est
1071 2620 1126 2649 vs.
1165 2608 1274 2649 1011
1309 2621 1375 2663 sq:

774 2685 907 2726 κακὸν
943 2681 981 2725 δ’
1012 2686 1100 2726 ἐπὶ
1139 2691 1270 2740 γῆρας
1304 2685 1525 2742 ἐλέγχει

510 2759 760 2813 οὐλόμενον,
796 2759 979 2813 κεφαλῆς
1008 2757 1046 2802 δ’
1074 2763 1259 2804 ἅπτεται
1288 2763 1551 2816 ἀκροτάτης,
1617 2779 1619 2782 ·

272 2832 340 2874 ubi
361 2833 577 2875 admodum
596 2833 695 2875 mihi
721 2834 894 2888 placeret
915 2835 1120 2889 ingeniosa
1139 2835 1320 2878 Piersoni
1343 2835 1571 2878 coniectura
1588 2837 1760 2890 ἐπείγει,

271 2908 351 2948 nisi
372 2909 510 2951 vocula
533 2914 600 2953 ἐπὶ
632 2910 891 2965 praecederet.
938 2910 1099 2967 Quippe
1122 2916 1362 2966 ἐπεπείγειν
1388 2910 1552 2953 Graecis
1573 2910 1758 2966 ignotum

273 2989 348 3026 est.
383 2983 524 3040 Neque
547 2984 596 3028 ab
618 2986 726 3028 omni
752 2992 861 3043 parte
885 2987 1094 3037 satisfacit,
1114 2988 1224 3044 quod
1254 2988 1296 3031 in
1315 2993 1488 3031 mentem
1504 2986 1604 3030 mihi
1622 2986 1754 3029 venit:
