1890 3294
986 213 1042 255 14

262 347 364 376 sam:
398 333 524 386 addo,
557 336 656 378 satis
686 337 912 394 elegantem
942 344 1006 392 et,
1036 340 1144 384 unde
1176 356 1258 386 non
1289 343 1407 388 valde
1440 347 1639 393 novitiam
1670 365 1758 396 eae

257 414 444 465 apparet,
480 425 663 455 sermone
696 428 798 469 puro
829 416 1098 472 conscriptam
1133 420 1395 477 numerisque
1427 422 1542 466 valde
1563 426 1757 471 nnuavibu

256 499 301 527 ac
332 486 562 530 modulatis.
595 489 693 532 Non
728 496 860 534 tamen
894 492 1022 550 spirat
1048 493 1161 537 illam
1182 495 1513 553 simplicitatem,
1545 515 1627 558 qua
1647 504 1754 548 anti·
1783 489 1788 492 .

256 562 447 617 quissima
488 564 735 609 Graecorum
780 569 911 624 poesis
955 570 1131 627 insignis
1172 579 1257 626 est,
1304 575 1364 618 ita
1401 582 1449 620 ut
1480 576 1633 622 dudum
1663 586 1756 638 post

254 637 530 695 Theognidem
571 643 778 687 conditam
815 661 900 688 esse
935 647 1103 691 habeam
1136 664 1370 706 persuasum
1403 667 1478 696 nec
1507 659 1752 714 antequam,

257 721 302 756 ut
331 716 390 757 ait
419 715 675 776 Bernhardy,
713 725 797 764 tam
829 723 1005 766 Athenis
1037 739 1157 780 quam
1184 727 1225 770 in
1254 728 1406 786 reliqua
1434 730 1606 776 Graecia
1625 735 1754 790 (καθ’

254 793 449 838 Ἑλλάδα
486 821 543 826 —
590 795 656 851 ἠδ’
691 801 777 842 α’νὰ
813 802 981 857 νήσους)
1016 803 1191 849 carmina
1220 803 1484 866 sl'heognidea
1515 807 1559 850 in
1591 823 1752 866 sympo-

251 868 322 910 siis
365 870 670 916 cantitarentur.
734 873 823 917 Van
867 876 936 918 der
979 877 1074 935 Mey
1117 879 1151 920 si
1194 880 1435 933 audiamus,
1473 883 1620 928 clausit
1651 883 1782 930 olim'

250 944 397 988 librum
429 947 600 991 alterum
633 950 879 1006 elegiarum,
917 954 987 1009 qui
1019 959 1131 997 totus
1161 962 1225 998 est
1256 956 1305 999 de
1335 958 1496 1015 impuro
1531 975 1747 1017 puerorum

249 1037 396 1066 amore.
430 1023 544 1076 Quae
576 1028 779 1070 sententia
809 1044 891 1072 non
922 1045 1018 1074 sane
1049 1038 1110 1075 est
1141 1048 1304 1090 prorsus
1325 1036 1607 1093 improbabilis
1629 1054 1748 1096 prop·

251 1105 312 1142 ter
341 1107 540 1145 extremos
571 1103 663 1147 illos
696 1121 833 1149 versus
865 1109 949 1150 253
983 1123 1068 1165 sq.:

425 1182 561 1238 αὐτὰρ
590 1183 672 1236 ἐγὼ
705 1183 853 1241 ὀλίγης
886 1192 1002 1243 παρὰ
1034 1193 1102 1231 σεῦ
1136 1191 1184 1233 οὐ
1218 1196 1417 1247 τυγχάνω
1450 1193 1610 1245 αἰδοῦς,

426 1257 522 1301 ἀλλ’
555 1260 694 1315 ὥσπερ
726 1264 878 1316 μικρὸν
917 1263 1055 1307 παῖδα
1088 1264 1232 1318 λόγοις
1263 1266 1306 1322 μ’
1326 1270 1525 1321 οἰπατᾶς,

246 1331 366 1374 modo
412 1347 547 1375 revera
589 1334 638 1376 ad
683 1335 786 1378 hanc
827 1337 996 1393 elegiam
1029 1340 1126 1383 olim
1158 1342 1461 1397 pertinuerint;
1507 1361 1588 1403 qua
1620 1347 1670 1390 de
1700 1363 1744 1392 re

247 1409 367 1451 etiam
436 1416 600 1467 propter
643 1412 832 1456 vitiosum
879 1416 1024 1471 prioris
1070 1432 1207 1461 versus
1254 1435 1473 1465 sermonem
1505 1423 1664 1469 dubito.
1706 1425 1742 1480 l)

245 1484 390 1528 Cobeti
413 1492 547 1530 autem
570 1490 789 1532 correctio:
823 1493 958 1549 αὐτὰρ
983 1495 1066 1548 ἐγὼ
1100 1496 1157 1539 οὐ
1172 1496 1211 1540 δ’
1229 1498 1376 1555 ὀλίγης
1399 1504 1516 1557 παρὰ
1539 1509 1608 1546 σεῦ
1643 1510 1740 1547 νῦν

245 1570 444 1620 τυγχάνω
485 1567 631 1617 αἰδοῦς
672 1566 732 1609 ita
774 1567 948 1611 demum
967 1570 1172 1626 probanda
1203 1573 1331 1626 foret,
1365 1575 1399 1617 si
1430 1591 1454 1618 a
1485 1575 1592 1620 bono
1624 1583 1740 1634 poeta

245 1638 317 1680 hos
349 1655 425 1683 vss.
458 1641 658 1697 profectos
689 1658 773 1686 esse
805 1651 1019 1690 constaret.

301 1715 406 1760 Sunt
449 1732 542 1760 vero
585 1719 626 1761 hi
670 1720 751 1763 duo
783 1737 887 1775 vsa,
929 1730 1010 1766 tam
1041 1725 1208 1768 formam
1240 1741 1358 1783 quam
1389 1737 1673 1786 argumentum
1705 1734 1738 1776 si

242 1792 527 1847 respiciamus,
575 1795 828 1852 dignissimi,
873 1800 944 1855 qui
986 1802 1147 1845 eroticis
1187 1804 1278 1846 istis
1309 1813 1609 1852 accenseantur.
1672 1809 1738 1853 Ad

240 1867 350 1910 illam
392 1871 499 1925 quod
530 1872 700 1925 attinet,
734 1875 854 1918 verbo
887 1892 1013 1933 pauca
1045 1878 1210 1922 notabo:
1254 1881 1323 1923 Vs.
1362 1884 1470 1925 1247
1506 1890 1735 1941 φρόντισον

242 1947 372 2003 ἔχθος
405 1951 505 2003 ἐμὸν
537 1955 616 1994 παὶ
652 1953 971 2010 ὑπέρβασιν
1005 1970 1078 2011 pro
1111 1961 1183 2000 καὶ
1216 1963 1313 2012 σὴν
1345 1961 1601 2018 ὑπέρβασιν.
1666 1961 1736 2005 Vs.

247 2024 360 2064 1259
392 2029 658 2079 ἐπίκειται,
691 2027 760 2071 ubi
781 2030 1037 2086 antiquorum
1062 2046 1158 2075 usus
1179 2034 1350 2089 requirit
1378 2056 1412 2081 π
1428 2041 1648 2094 spinum
1672 2040 1736 2084 vel

245 2103 537 2156 οἱμφίκειται.
575 2103 642 2147 VS.
682 2106 791 2147 1305
823 2112 866 2149 et
896 2109 1058 2164 saepius
1090 2111 1270 2168 παιδείη
1292 2126 1365 2168 pro
1386 2116 1486 2172 ἥβη.
1526 2114 1593 2160 VS.
1622 2117 1733 2161 1305

246 2191 303 2231 sq.
346 2183 467 2236 θύμῳ
508 2184 636 2234 γνούς
666 2206 723 2212 —
755 2190 880 2229 τοῦτο
921 2190 1094 2238 συνείςῐ
1141 2187 1437 2244 ingratissima,
1483 2192 1734 2246 paucissimis

244 2253 515 2310 interpositis,
550 2256 818 2312 abundantia,
852 2261 961 2316 quali
993 2262 1139 2305 iterum
1162 2264 1407 2308 offendimur
1427 2281 1487 2310 νε.
1514 2269 1625 2311 1312
1648 2283 1732 2326 sq.:

244 2338 410 2382 τούτοις
441 2357 497 2362 —
531 2335 580 2377 οὐ
610 2339 688 2390 μὲν
721 2339 772 2392 δὴ
807 2343 988 2390 τούτοις.
1025 2339 1097 2382 Vs-
1136 2342 1245 2383 1307
1281 2346 1450 2401 βιήσεαι
1482 2359 1600 2388 sensu
1632 2345 1729 2390 Pas·

242 2406 350 2459 sivo,
384 2409 527 2453 deinde
560 2411 812 2456 subabsurde
841 2418 988 2473 ὄβριμε
1022 2418 1205 2462 παίδων.
1239 2417 1307 2462 Vs.
1347 2421 1457 2462 1309
1482 2425 1623 2479 ὡσπερ
1647 2426 1732 2479 ἐγὼ

241 2490 318 2529 νῦν
350 2479 427 2529 ὧδ’
446 2491 515 2532 ἐπὶ
547 2493 625 2533 σοί.
664 2489 856 2534 Abundat
889 2488 986 2541 ὧδε,
1024 2492 1092 2534 sed
1126 2499 1254 2537 metro
1289 2496 1438 2552 aliquid
1462 2497 1500 2542 h.
1522 2498 1548 2542 l.
1572 2498 1728 2553 deerat,

243 2566 287 2600 ut
308 2568 514 2616 supererat
536 2579 590 2607 vs.
620 2566 745 2608 1247.
770 2567 838 2611 Vs.
860 2569 967 2611 1311
989 2570 1176 2626 διῶμμαι
1196 2587 1267 2627 pro
1285 2575 1499 2631 διεὸρακα.
1527 2575 1595 2619 Vs.
1619 2578 1727 2619 1316

239 2638 418 2694 ἔχῃσθα
451 2648 496 2694 (s,
529 2643 708 2699 ἔχεσθαι,
743 2643 792 2686 cf.
829 2644 948 2701 ng.)
983 2645 1211 2690 sublectum
1243 2656 1304 2691 est
1336 2651 1619 2696 Aeolensibus.
1658 2653 1726 2697 Vs.

243 2713 354 2754 1322
387 2718 514 2768 γνούς
548 2720 640 2773 ἔρος
672 2722 728 2769 ὡς
762 2721 950 2777 χαλεπὸν
981 2726 1149 2777 γίνεται
1182 2727 1308 2784 ἀνδρὶ
1343 2731 1501 2785 φέρειν.
1564 2729 1727 2774 Veteres

237 2788 389 2832 solent:
433 2795 562 2845 γνούς
603 2797 739 2852 ἔρον,
771 2800 1003 2898 &cyfi-5:35
1025 2799 1073 2843 V.
1120 2803 1228 2844 1357
1265 2823 1361 2848 παι
1378 2806 1619 2862 δοφιλής
1650 2823 1728 2867 qua

285 2937 317 2980 l)
342 2938 406 2971 lam
426 2941 571 2981 Welcken
592 2948 625 2974 ut
642 2943 718 2976 hanc
735 2945 888 2987 plagulam
905 2950 1066 2990 corrigens
1082 2951 1301 2992 animadverti,
1320 2964 1370 2986 eos
1386 2966 1403 2987 ι
1421 2957 1546 3000 reliquis
1557 2959 1725 3001 separavit.
