1890 3294
988 257 1044 298 34

329 384 483 427 Deinde
514 384 737 427 rectissime
763 383 1065 426 Schneidewin:
1095 385 1321 435 ξανθαῖς
1344 384 1469 440 ἀμφὶ
1499 386 1694 439 κόμαις,
1715 385 1760 424 et

268 461 309 503 in
360 476 442 517 sqq.
486 461 808 517 ingeniosissime
859 460 1003 503 Berk.:
1057 460 1154 505 ἀλλ’
1196 465 1274 514 ἄγε
1323 461 1376 514 δὴ
1419 459 1598 513 ’γκυτὶ
1648 466 1759 517 κεῖρε

270 544 422 596 κόμην.

327 615 512 658 Fortasse
544 616 706 671 vulgata
737 615 794 658 sic
825 614 987 657 defendi
1018 617 1154 671 potest
1186 613 1269 655 831
1304 627 1388 668 sq.:

436 697 586 759 ,πίστει
623 698 798 751 χρήματ’
829 694 1005 742 ὅλεσσα,
1041 694 1217 749 ἀπιστίῃ
1246 689 1284 734 δ’
1318 693 1498 733 ἐσάωσα·

446 773 636 826 γνώμη
671 771 706 814 δ’
739 770 929 826 ἀργαλέη
958 772 1154 823 γίγνεται
1188 766 1465 823 ἀμφοτέρων,

269 851 315 888 ut
348 851 497 903 γνώμη
525 845 578 887 sit
609 845 829 897 sententia,
861 860 981 901 quam
1011 845 1045 886 is
1077 843 1334 900 pronuntiat,
1367 843 1437 898 qui
1467 841 1592 886 iudex
1622 841 1761 885 sedeat

269 924 376 966 inter
406 923 527 965 fidem
561 927 602 965 et
633 922 849 979 perfidiam.
915 921 1074 963 Ahrens
1119 926 1303 978 μνήμη
1335 919 1518 962 coniecit.

327 999 415 1042 Nec
455 999 623 1042 fortasse
668 999 882 1055 quicquam
924 997 1153 1040 novandum
1184 996 1228 1039 in
1260 996 1437 1038 disticho
1468 1011 1525 1038 vs.
1559 996 1643 1038 843
1676 1009 1762 1052 sq.2

386 1077 491 1120 ἀλλ’
521 1077 1032 1132 όπότανκαθύπερθεν
1069 1076 1151 1118 ἐὼν
1184 1074 1394 1130 ὑπένερθε
1425 1074 1627 1130 γένηται,

391 1159 592 1204 τουτάκις
627 1151 769 1197 οἴκαδ’
799 1155 893 1208 ἰ’μεν
928 1157 1195 1206 παυσάμενοι
1228 1154 1400 1202 πόσιος,

273 1231 391 1273 modo
437 1230 622 1286 imperite
663 1235 891 1285 excerptum
928 1228 1226 1279 existimemus,
1269 1231 1316 1269 ut
1347 1226 1572 1269 subiectum
1603 1240 1626 1268 e
1655 1239 1766 1283 prae·

274 1307 422 1364 gressis
455 1306 674 1362 petendum
715 1305 838 1348 fuerit
878 1310 1078 1362 ὄροφος,
1124 1302 1229 1359 quod
1260 1303 1395 1346 malim
1427 1301 1619 1359 suspicari
1646 1315 1766 1358 quam

274 1384 529 1427 scribendum
560 1398 665 1426 esse:
699 1389 756 1439 ἤν
793 1384 827 1426 δ’
858 1386 1040 1440 ὄροφος
1073 1385 1355 1438 καθύπερθεν
1389 1385 1476 1425 κτὲ.

335 1461 407 1504 Vs.
439 1463 522 1503 861
558 1475 642 1516 sq.:

395 1542 439 1583 οἵ
461 1557 510 1594 με
544 1538 660 1593 φίλοι
687 1538 950 1594 προδιδοῦσι,
988 1539 1060 1580 καὶ
1093 1536 1168 1580 οὐκ
1202 1535 1399 1579 ἐθέλουσι
1434 1551 1480 1577 τι
1518 1533 1698 1578 δοῦναι

395 1617 621 1673 ἀνδρῶν
655 1615 928 1670 φαινομένων
967 1617 1054 1657 κτὲ.

339 1695 446 1736 Bene
478 1693 575 1735 olim
609 1691 864 1735 emendatum
896 1694 957 1732 est
985 1695 1144 1747 ἄςρων,
1185 1687 1255 1730 sed
1298 1687 1419 1730 miror
1450 1685 1650 1729 neminem
1682 1683 1771 1727 hae-

277 1771 375 1813 sisse
406 1771 449 1813 in
477 1769 604 1812 verbis
635 1788 682 1813 τι
715 1770 913 1819 δοῦναι,
949 1766 1042 1824 quia
1074 1765 1183 1808 aliud
1215 1765 1298 1807 fere
1331 1762 1538 1820 postulant
1560 1759 1770 1819 opposita:

1069 1843 1166 1886 ἀλλ’
1200 1843 1282 1897 ἐγὼ
1314 1842 1534 1897 αὐτομάτη

514 1926 686 1980 ἑσπερίη
718 1920 758 1966 τ’
789 1923 921 1976 ἔξειμι
957 1925 1043 1964 κτέ-

339 2001 497 2042 Incerta
543 2003 677 2041 tamen
724 1997 974 2039 emendatio:
1026 2010 1117 2038 nam
1168 1995 1295 2051 possis
1340 1993 1530 2050 quidem:
1577 1996 1648 2037 καὶ
1690 1993 1767 2037 οὐκ

278 2074 476 2122 ἐθέλονσ’
532 2078 607 2119 ἔτι
647 2081 867 2130 φοιτᾶν,
917 2073 987 2115 sed
1024 2071 1110 2129 pari
1146 2071 1232 2114 iure
1273 2070 1353 2113 alia
1411 2070 1580 2112 fortasse
1623 2067 1767 2111 coniici

279 2156 479 2210 poterunt.
516 2151 566 2193 In
594 2150 749 2193 novitio
781 2150 957 2193 carmine
990 2163 1072 2191 non
1103 2147 1403 2190 sollicitaverim
1436 2161 1525 2188 cum
1556 2144 1766 2188 Heimsoe-

275 2229 362 2271 thio
397 2245 450 2272 vs.
487 2229 597 2271 864:
630 2227 731 2284 ἦμος
765 2229 1061 2284 ἀλεκτρυόνων
1102 2232 1293 2280 φθόγγος
1331 2224 1624 2280 ἐγειρομένων.
1663 2218 1769 2262 Vide

277 2305 436 2362 Bergk,
470 2320 509 2361 p.
547 2305 659 2348 1374
691 2304 753 2347 ed.
788 2303 872 2346 III.

340 2382 410 2425 Vs.
445 2383 529 2425 869
562 2396 671 2437 sqq.:

394 2460 481 2504 ''Ev
513 2478 583 2515 μοι
617 2461 771 2502 ἔπειτα
802 2459 921 2501 πέσοι
953 2456 1086 2511 μέγας
1119 2456 1298 2511 οὐρανὸς
1331 2456 1450 2512 εὐρύς
1482 2456 1670 2511 ὕπερθεν

399 2537 588 2595 χάλκεος,
626 2538 918 2590 α’νθρώπων
951 2534 1102 2587 δεῖμα
1140 2532 1518 2590 χαμαιγενέων,

396 2618 432 2657 εἷ
465 2617 520 2669 μὴ
557 2614 637 2666 ἐγὼ
674 2618 808 2655 τοῖσιν
839 2613 918 2666 μὲν
955 2609 1173 2664 ἐπαρκέσω
1208 2612 1251 2651 οἵ
1276 2626 1326 2664 με
1359 2608 1575 2663 φιλεῦσιν,

396 2696 484 2739 τοῖς
517 2687 557 2733 δ’
591 2692 761 2745 ἐχθροῖς
795 2689 898 2742 ἀνίη
933 2689 1004 2729 καὶ
1035 2685 1146 2740 μέγα
1185 2682 1291 2740 πῆμ’
1321 2686 1482 2740 ἔσομαι.

337 2764 518 2821 Emperii
566 2763 815 2805 coniectura:
862 2764 1141 2806 ἀθανάτων
1180 2760 1366 2816 δώματ’
1402 2759 1685 2814 ἀειγενέων
1730 2762 1773 2801 et

279 2856 346 2898 per
383 2857 423 2884 se
461 2855 602 2897 parum
639 2843 812 2881 venusta
844 2842 906 2880 est
948 2842 989 2879 et
1032 2838 1140 2879 iusto
1183 2836 1346 2892 longius
1386 2850 1410 2878 a
1447 2833 1595 2877 codicis
1626 2833 1772 2892 optimi

279 2918 478 2974 scriptura
512 2915 674 2959 recedit.
715 2915 882 2957 Accedit
911 2914 1018 2970 quod
1051 2913 1200 2956 locutio
1233 2919 1458 2971 ἄνθρωποι
1499 2917 1771 2970 χαμαιγενεῖς

279 2993 435 3037 doctior
465 2999 543 3047 est,
569 3007 686 3050 quam
720 3007 821 3049 quae
854 2993 895 3034 in
928 2990 1180 3034 librariorum
1211 2988 1382 3031 cerebris
1406 2992 1498 3031 nata
1521 3001 1608 3030 esse
1630 2985 1773 3045 possit.
