1890 3294
214 3005 245 3036 ,ὁ

986 246 1039 289 72

269 387 418 416 servus.
481 371 632 414 Lenius
667 376 799 414 tamen
839 372 993 429 possis:
1030 376 1198 432 ἀνάγκη
1235 376 1274 419 δ’
1299 373 1440 434 ἄνδρ’
1471 374 1761 421 ἀπόλλυσιν

271 450 346 505 (vel
380 453 742 501 ἀποκτείνει,
779 449 805 492 i.
838 464 873 493 o.
909 453 1063 506 enecat)
1097 452 1238 507 φίλον.

327 526 499 570 Facilior
526 531 589 569 est
620 526 812 569 correctio
844 541 903 569 vs.
938 528 1013 570 78:

448 605 617 659 δήνεα
651 605 696 648 δὲ
729 611 874 649 πάντα
908 609 980 648 καὶ
1015 609 1252 662 τρόπους
1285 608 1507 658 ἐπίςαται,

446 683 584 738 ὥσπερ
616 685 804 738 πίθηκος
837 688 923 726 uri.

327 758 434 802 Nam
467 759 606 815 procul
639 757 762 801 dubio
794 759 926 801 verius
958 764 1040 801 est:

447 837 579 891 δήνεα
612 837 656 880 δὲ
693 843 838 881 πάντα
871 842 943 881 καὶ
977 841 1188 893 ςροφὰς
1221 839 1446 888 inis-arm,
1479 839 1564 881 ιιι-ε’.

325 988 562 1045 Corruptela
591 989 745 1032 laborat
777 988 1045 1045 fragmentum
1073 988 1384 1042 Hrppomens,
1417 989 1525 1046 quod
1557 1005 1581 1033 a
1610 1005 1672 1033 me
1703 990 1768 1034 in·

269 1071 436 1110 ventum
467 1067 508 1109 in
542 1066 676 1109 codice
717 1065 980 1108 Ambrosiano
1017 1065 1062 1108 C.
1098 1068 1181 1107 222
1214 1066 1365 1122 primus
1399 1065 1510 1109 edidi
1537 1066 1582 1109 in
1603 1067 1765 1124 Appen·

269 1143 358 1187 dice
390 1144 440 1186 ad
478 1143 700 1186 editionem
732 1143 890 1186 ORDIPI
918 1143 1074 1194 REGIS,
1109 1157 1151 1198 p.
1187 1144 1292 1184 212:

451 1225 541 1277 ἐμοὶ
575 1222 620 1264 δὲ
653 1221 851 1272 πλοῦτος,
888 1224 976 1264 ἐστι
1011 1224 1090 1277 γὰρ
1125 1220 1222 1277 λίην
1255 1220 1432 1275 τυφλός,

449 1302 488 1347 ἐς
522 1299 641 1354 rein?
675 1298 819 1342 ἐλθὼν
852 1298 999 1352 οὐδάμ’
1032 1297 1164 1342 εἶπεν·
1196 1299 1441 1350 Ἱππῶναξ,

450 1375 602 1430 δίδωμί
634 1391 699 1417 τοι
731 1379 841 1429 μνᾶς
879 1375 1084 1430 ἀργυρίου
1110 1380 1344 1430 τριήκοντα

452 1454 522 1494 καὶ
558 1448 686 1494 πόλλ’
717 1447 776 1494 ἔτ’
809 1450 939 1494 ἄλλα·
970 1451 1158 1502 δείλαιος
1187 1455 1267 1507 γὰρ
1299 1456 1386 1502 τὰς
1413 1454 1616 1509 φρένας-

333 1528 531 1571 Ultimum
565 1543 721 1570 versum
749 1542 830 1570 non
853 1543 938 1570 esse
960 1527 1269 1570 choliambioum
1298 1533 1398 1570 tune
1417 1526 1654 1571 excusabam
1677 1542 1767 1584 pro·

269 1620 415 1647 vocans
447 1605 498 1647 ad
530 1604 575 1646 fr.
604 1607 650 1656 5,
686 1607 705 1646 7
738 1610 776 1646 et
806 1606 844 1646 8.
883 1604 1074 1647 Fruslzra:
1098 1620 1188 1647 nam
1222 1604 1768 1663 substantivumffqioeppoexoc

267 1682 380 1738 apud
415 1682 715 1739 Hipponactem
750 1681 968 1737 producere
1006 1682 1272 1738 penultimam
1310 1682 1409 1724 satis
1440 1686 1608 1725 certum.
1660 1681 1769 1737 Ergo

270 1759 436 1802 subesse
470 1758 615 1800 ultimo
645 1758 764 1800 verbo
796 1758 913 1800 istius
940 1759 1156 1814 fragmenti
1189 1759 1456 1815 corruptelam
1484 1757 1642 1815 liquido
1674 1771 1767 1801 oon·

268 1840 363 1879 stat.
404 1835 507 1878 Mihi
542 1836 653 1878 venit
684 1835 727 1877 in
762 1839 964 1878 mentem:

901 1914 1090 1965 δείλαιος
1123 1919 1204 1971 γὰρ
1239 1914 1286 1959 εἴ
1318 1915 1558 1971 σφόδρα,

265 1989 333 2030 sed
365 1989 498 2031 lenius
532 1989 691 2044 requiro
728 1988 958 2032 remedium.

327 2145 625 2186 ANAcREon'ns
657 2143 797 2199 fragm.
831 2143 938 2187 XXI
970 2144 1019 2186 de
1049 2146 1295 2198 Artemone.
1328 2160 1382 2188 vs,
1419 2146 1444 2186 9
1473 2158 1585 2201 sqq.:

323 2222 464 2265 πολλὰ
502 2225 579 2276 μὲν
615 2226 659 2265 ἐν
694 2222 813 2278 δουρὶ
847 2225 1020 2273 τιθεὶς
1053 2224 1242 2279 αὐχένα,
1276 2223 1416 2267 πολλὰ
1451 2224 1490 2268 ’δ’
1522 2227 1569 2268 ἐν
1602 2227 1760 2283 τρόχῳ,

322 2298 461 2340 πολλὰ
496 2298 539 2340 δὲ
577 2302 714 2342 νῶτον
749 2301 927 2355 σκυτίνῃ
960 2305 1108 2355 μάςιγι
1144 2304 1405 2359 θωμιχθείς,
1440 2307 1575 2359 κόμην

322 2378 513 2426 πώγωνα
549 2373 586 2417 τ’
621 2376 927 2430 ἐκτετιλμένος.

323 2450 400 2491 Vix
434 2455 572 2504 aptum
606 2451 642 2493 h.
678 2451 704 2493 l.
741 2454 894 2502 τιθείς,
930 2451 1129 2507 imprimis
1161 2452 1211 2494 ob
1244 2453 1454 2509 sequentia
1474 2453 1597 2496 verba
1620 2455 1760 2499 πολλὰ

265 2528 303 2570 δ’
341 2530 385 2570 ἐν
426 2532 576 2583 τρόχῳ.
646 2527 857 2582 Proprium
900 2527 950 2569 de
991 2533 1159 2583 utraque
1201 2544 1241 2570 re
1285 2529 1524 2572 vocabulum
1555 2534 1618 2573 est
1650 2530 1759 2575 δεῖν.

263 2602 383 2644 Unde
418 2603 620 2657 suspicor:

444 2680 582 2722 πολλὰ
614 2684 691 2734 μὲν
726 2684 772 2724 ἐν
807 2682 925 2735 δουρὶ
961 2681 1152 2732 δεθεὶς
1186 2684 1351 2740 αὐχένα
1384 2687 1473 2727 xri.

322 2755 516 2796 Eiusdem
542 2754 588 2796 fr.
615 2755 764 2811 (XLV)
789 2756 962 2798 servavit
984 2757 1210 2799 Scholiasta
1232 2758 1282 2800 ad
1307 2758 1476 2800 Hesiodi
1499 2757 1760 2815 Theogoniae

263 2831 342 2871 767
394 2831 491 2873 haec
533 2831 737 2874 scribens:
783 2836 829 2876 τὸ
873 2834 919 2877 δὲ
963 2838 1205 2890 χθονίου
1240 2842 1335 2890 ἠτοι
1368 2843 1659 2893 στυγεροῦ,
1705 2837 1761 2886 ὥς

263 2905 541 2963 Ἀνακρέων·

625 2987 830 3029 Χθόνιον
866 2987 904 3027 δ’
940 2990 1175 3039 ἐμαυτὸν
1210 2986 1350 3043 ἦρεν-
