1890 3294
1037 226 1062 266 6
1117 256 1120 260 .

305 355 391 383 mea
431 342 579 386 maiore
619 344 767 402 Oedipi
808 347 955 404 Regis,
1000 364 1103 406 quae
1139 351 1311 396 Traiecti
1342 353 1392 396 ad
1425 353 1615 397 Rhenum
1644 353 1796 411 prodiit

302 419 410 475 apud
441 420 601 474 Bosch,
635 423 879 478 significavi,
914 426 1190 483 Theognidem
1224 430 1323 472 mihi
1355 430 1482 474 videri
1513 430 1744 488 scripsisse:

539 500 629 544 οὐδ’
664 505 807 558 ἵκει-ὴν
835 505 1052 551 ἀλιτὼν
1084 509 1337 560 ἀθανάτους
1369 510 1546 555 ἔλαθεν.

359 573 585 618 Notissima
616 581 678 619 est
706 579 816 634 epica
847 580 971 624 dictio
1002 583 1168 628 ἅλιτεῒν
1201 588 1242 626 et
1275 585 1506 630 ἀλιτέσθαι
1541 590 1685 639 θεούς,
1722 585 1793 630 sed

299 666 378 694 non
419 657 577 696 tantum
612 670 702 698 cum
732 656 808 699 hoc
831 656 988 701 obiecto
1011 660 1197 716 componi
1220 660 1384 703 verbum
1406 663 1651 708 οέλιταίνειν
1674 677 1793 720 appa·

298 734 360 771 ret
389 744 435 772 ex
465 731 554 773 loco
577 731 719 775 Iliadis
737 733 822 785 IX,
847 735 955 777 375:
991 740 1036 780 ἐκ
1070 742 1150 794 γὰρ
1179 739 1229 793 δή
1261 737 1307 795 μ’
1328 742 1553 797 ἀπάτησε
1582 744 1654 785 καὶ
1685 741 1793 798 ἤλι-

297 825 349 851 τε
365 827 404 853 ν.
436 808 470 850 Ε
502 809 665 865 regione
688 811 919 866 oppositum
942 817 1003 854 est
1027 813 1170 870 ἱκετὴν
1193 815 1433 860 amentem.
1460 842 1514 848 —
1537 817 1588 859 In
1610 817 1791 874 proxime

295 885 537 940 praegressis
571 902 628 928 vs.
665 888 746 931 138
783 888 917 931 nescio
949 905 999 931 an
1031 890 1181 933 iniuria
1211 907 1285 934 van
1319 891 1390 934 der
1421 892 1515 949 Mey
1536 893 1790 937 scribendum

295 961 539 1004 contendat:
575 969 667 1007 καὶ
702 966 912 1012 δοκέων
946 974 1096 1023 θήσειν
1130 983 1202 1023 pro
1230 973 1303 1013 καί
1326 988 1370 1014 τε
1394 971 1550 1015 δοκῶν.
1591 970 1657 1014 Ab
1676 971 1792 1028 epica

295 1037 401 1079 enim
442 1038 645 1082 scribendi
685 1043 979 1086 consuetudine
1018 1044 1091 1087 hac
1118 1059 1278 1102 quoque
1308 1046 1350 1088 in
1385 1061 1426 1088 re
1457 1061 1539 1090 non
1572 1047 1790 1091 descivisse

293 1117 425 1157 vatem
450 1115 727 1172 Megarensem
761 1119 890 1162 discas
922 1135 972 1163 ex
995 1136 1052 1164 vs,
1080 1122 1164 1163 662
1190 1126 1263 1167 καί
1287 1142 1331 1167 τε
1353 1128 1553 1183 πενιχρὸς
1572 1126 1681 1183 ἀνὴρ
1702 1131 1791 1170 τοι-ἑ.

293 1189 354 1233 Cf.
385 1192 470 1233 359
499 1198 540 1235 et
568 1195 666 1246 597,
695 1195 842 1251 quibus
869 1202 1004 1240 tamen
1028 1198 1127 1241 locis
1150 1205 1335 1256 suspecta
1357 1200 1556 1257 scriptura
1578 1206 1665 1244 est:
1701 1201 1793 1244 vide

291 1265 458 1323 Bergkii
491 1269 630 1313 adnot.
663 1272 703 1313 in
733 1273 794 1315 ed.
827 1273 964 1317 IIItia.
1003 1275 1099 1318 Non
1128 1277 1256 1333 magis
1279 1277 1487 1334 probanda
1508 1277 1608 1321 mihi
1631 1277 1792 1321 videtur

292 1343 471 1388 eiusdem
503 1346 576 1389 viri
613 1347 720 1391 docti
751 1350 928 1406 suspicio
962 1353 1019 1409 (p.
1057 1354 1113 1394 48
1146 1355 1223 1410 ες.)
1255 1369 1334 1398 ves,
1370 1356 1451 1397 111
1485 1369 1595 1412 sqq.:

412 1426 452 1466 οἱ
483 1424 522 1467 δ’
543 1428 707 1479 α’γαθοὶ
741 1432 788 1472 τὸ
817 1429 1020 1485 μέγιστον
1054 1434 1358 1489 ἐπαυρίσκουσι
1391 1437 1684 1485 παθόντες

410 1509 557 1557 μνῆμα
591 1504 631 1547 δ’
656 1503 795 1562 ἐ’χουσ’
828 1507 1013 1559 ἀγαθῶν
1048 1511 1120 1551 καὶ
1156 1514 1279 1566 χάριν
1312 1511 1509 1562 ἐξοπίσω.

290 1590 407 1621 sanos
434 1575 540 1629 fore,
572 1579 605 1620 si
630 1580 833 1637 scripseris
862 1588 1157 1638 παρόντων,·
1191 1585 1255 1627 cui
1283 1585 1534 1628 coniecturae
1557 1585 1660 1629 hanc
1678 1585 1790 1630 addi·

290 1651 351 1693 dit
380 1652 786 1710 interpretationem:
830 1657 962 1710 „Boni
994 1673 1088 1701 vero
1125 1665 1214 1703 tum
1244 1661 1287 1703 in
1311 1662 1550 1718 praesentia
1580 1662 1788 1706 beneficiis

293 1730 495 1782 „maxime
515 1731 725 1785 fruuntur,
753 1739 840 1777 tum
852 1743 1000 1792 postea
1017 1736 1195 1780 debitam
1213 1739 1383 1795 gratiam
1400 1737 1621 1782 referunt.'’
1638 1739 1789 1783 Graece

288 1811 450 1859 tamen,
499 1809 541 1851 ni
589 1810 720 1861 fallor,
763 1811 820 1854 sic
860 1813 981 1856 scribi
1012 1830 1094 1856 non
1122 1823 1228 1859 recte
1259 1820 1392 1872 potest
1424 1816 1503 1859 nisi
1535 1816 1612 1859 hoc
1642 1831 1786 1861 sensu:

287 1883 400 1926 Boni
437 1900 556 1938 vero,
598 1890 707 1944 quod
745 1890 967 1931 maximum
1005 1899 1082 1942 est,
1125 1893 1237 1946 (nam
1270 1893 1346 1935 hoc
1376 1898 1439 1935 eet
1470 1898 1518 1938 τὸ
1547 1895 1785 1950 pirent-om·

287 1960 415 2003 altero
458 1977 581 2006 sensu
624 1965 818 2008 articulus
861 1967 991 2010 fuerat
1025 1969 1300 2013 omittendus:
1335 1970 1486 2013 dicitur
1515 1970 1623 2013 enim
1653 1973 1782 2028 μέγα,

290 2040 455 2092 μεῖζον,
487 2042 691 2095 μέγιστον
727 2044 964 2089 ἀπολαύειν
1002 2047 1117 2100 cett.)
1138 2045 1340 2102 fruuntur
1357 2048 1474 2090 rebus
1489 2048 1782 2104 praesentibus.

286 2113 341 2155 Et
381 2113 531 2157 frustra
573 2116 612 2158 hi
658 2133 737 2160 vss‚
781 2121 1049 2176 corriguntur,
1091 2122 1241 2179 quippe
1287 2123 1503 2166 manifesto
1547 2124 1783 2181 interpolati

285 2189 336 2231 ab
369 2190 533 2234 homine
565 2195 725 2251 antiqui
758 2195 902 2239 Graeci
934 2199 1131 2240 sermonis
1165 2200 1336 2255 turpiter
1368 2201 1523 2257 ignaro.
1558 2201 1648 2244 Illis
1673 2202 1781 2244 enim

286 2282 364 2309 non
407 2269 558 2322 solum,
605 2272 712 2328 quod
755 2274 837 2316 iam
880 2274 1108 2317 observavit
1146 2275 1298 2332 Bergk,
1345 2277 1528 2321 inaudita
1563 2283 1626 2321 est
1653 2278 1782 2322 forma

284 2345 411 2387 activa
446 2351 737 2405 ἐπαυρίσκειν,
773 2351 843 2393 sed
873 2352 1016 2405 ctiam,
1047 2353 1156 2408 quod
1190 2354 1251 2396 vel
1274 2355 1386 2410 peius
1408 2361 1490 2407 est,
1515 2356 1631 2399 metri
1653 2370 1781 2413 angu-

284 2422 386 2464 stiae
419 2424 636 2467 versificem
671 2434 911 2482 coegerunt,
949 2434 992 2471 ut
1026 2435 1165 2472 contra
1196 2432 1377 2474 omnium
1411 2447 1526 2475 usum
1559 2437 1600 2476 et
1628 2438 1779 2477 certam

284 2499 467 2542 vocabuli
512 2501 591 2543 vim
635 2506 903 2571 pevfypoe‘d‘
937 2509 1079 2564 ἔχουσι
1126 2507 1276 2550 diceret
1319 2524 1390 2565 pro
1433 2518 1655 2568 μνήμην
1697 2510 1780 2553 sive

281 2583 479 2631 μνεῖαν
525 2578 563 2622 δ’
589 2581 748 2637 ἔχουσι.
817 2582 910 2624 Νοη
955 2588 1090 2625 autem
1124 2584 1290 2638 dubito,
1331 2586 1427 2642 quin
1461 2587 1519 2639 is,
1549 2586 1619 2642 qui
1653 2586 1779 2630 bono-

282 2666 370 2694 rum
413 2654 658 2696 mentionem
707 2671 824 2713 aegre
867 2658 1097 2701 desiderans
1140 2660 1211 2703 hos
1250 2662 1465 2705 versiculos
1496 2662 1612 2705 iratis
1644 2662 1778 2706 Musis

283 2730 531 2783 composuit,
574 2739 795 2786 παθόντες
837 2734 1066 2778 adhibuerit
1109 2751 1181 2792 pro
1214 2736 1259 2783 εὗ
1291 2745 1536 2791 παθόντες.
1574 2745 1621 2782 ut
1651 2739 1777 2797 signi·

282 2805 440 2847 ficaret:
476 2808 598 2849 bonos
629 2817 666 2850 et
698 2812 874 2854 rnaaeime
894 2812 987 2869 frui
1017 2813 1213 2871 beneficiis
1245 2823 1281 2857 et
1310 2822 1444 2872 yratos
1476 2829 1570 2858 esse.

342 2881 459 2934 Erat,
492 2898 618 2938 quum
650 2900 697 2928 ex
731 2887 868 2930 eadem
903 2893 973 2930 aut
1002 2889 1122 2931 simili
1153 2891 1311 2934 officina
1335 2891 1532 2947 prodiisse
1553 2892 1776 2949 suspicarer

285 2971 361 2998 vss.
403 2960 482 3001 117
518 2975 603 3018 sq.:
