1890 3294
997 233 1051 271 46

271 349 433 403 florent,
469 348 601 392 Amor
627 351 769 394 relicta
798 354 929 396 natali
963 354 1098 414 Cypro
1128 358 1306 402 homines
1334 360 1498 404 invadit.
1545 359 1623 403 Sed
1643 374 1764 416 quor-

271 440 359 468 sum
389 425 490 469 ista:
519 428 682 486 σπέρμα
709 431 847 487 φέρων
876 439 1016 478 κατὰ
1047 435 1175 490 γῆς-,9
1213 435 1474 480 Tolerabilius
1509 451 1605 480 sane
1633 436 1760 479 foret:

418 500 523 548 εἶσιν
555 502 621 549 ἐπ’
653 508 915 564 ἀνθρώπους
946 511 1112 567 σπέρμα
1141 514 1302 570 φέρων,
1334 513 1467 558 καλὲ
1493 521 1608 558 παῖ.

328 577 477 620 Nescio
498 583 633 623 tamen
654 596 705 623 an
727 583 863 638 potius
885 584 1029 629 lacuna
1049 588 1268 632 statuenda
1289 589 1344 632 sit
1367 593 1461 646 post
1482 592 1758 647 ἀνθρώπους.

327 653 396 698 Vs.
420 656 556 699 1324:
589 660 812 717 στρέψον
831 663 870 706 δ’
888 660 1020 715 αὖθις
1039 668 1079 717 ἐς
1098 667 1373 723 εὐφροσύνας.
1409 665 1513 730 Vere
1534 668 1694 725 τρέψον
1726 665 1761 726 l)

269 731 499 774 emendavit
539 748 614 776 van
656 734 727 778 der
763 737 868 795 Mey,
911 739 1024 783 cuius
1061 742 1299 798 neutiquam
1331 742 1536 799 probanda
1567 742 1758 786 correctio

270 820 409 848 versus
443 808 575 851 1344:

475 888 522 930 οὐ
555 892 635 946 γὰρ
666 893 932 952 ἀεικελίῳ
963 896 1089 939 παιδὶ
1121 898 1318 954 δαμεὶς
1351 902 1528 956 ἐφάνην,

270 960 340 1003 ubi
372 961 587 1018 vulgatur:
625 966 674 1009 οὐ
702 971 782 1023 γὰρ
815 971 889 1014 ἐπ’
920 971 1158 1030 αἷκελίῳ
1189 980 1279 1018 κτὲ.

328 1038 434 1082 Nam
447 1039 594 1084 dicitur
609 1042 770 1098 quidem
788 1050 928 1103 πόθῳ,
950 1049 1089 1106 ἱμέρῳ,
1110 1051 1249 1105 ἔρωτι,
1269 1049 1548 1107 similibusque
1566 1053 1755 1107 δαμῆναι

269 1117 447 1168 παιδός,
480 1132 561 1160 non
597 1133 688 1161 vero
708 1123 859 1174 παιδί,
886 1127 931 1165 ut
961 1123 1144 1169 arbitror.
1193 1127 1450 1183 Quapropter
1485 1127 1618 1170 verius
1636 1126 1759 1170 duco:

473 1197 521 1239 οὐ
555 1200 634 1254 γὰρ
663 1197 738 1242 ἐπ’
772 1200 947 1257 αῖκελίῳ
979 1205 1104 1248 παιδὶ
1132 1210 1333 1261 μανεὶς
1369 1208 1551 1262 ἐφάνην.

271 1266 395 1311 Verbi
427 1274 734 1328 ἐπιμαίνεσθαι
766 1275 808 1318 in
839 1290 879 1318 re
910 1279 1102 1322 amatoria
1135 1295 1230 1323 usus
1258 1280 1493 1323 notissimus
1525 1285 1596 1323 est.
1659 1278 1761 1332 Quis

268 1344 430 1400 ignorat
461 1348 728 1392 Anacreontis
758 1351 852 1394 illa:

593 1429 872 1487 Κλευβοιῖλου
902 1435 982 1488 μὲν
1014 1433 1138 1488 ἔγωγ’
1172 1437 1273 1491 ἐρῶ.

591 1507 935 1566 Κλευβούλῳ
967 1509 1006 1554 δ’
1040 1514 1439 1567 ἐπιμαίνομαι,

597 1583 872 1642 Κλεόβουλον
904 1587 949 1630 δὲ
987 1587 1192 1632 moazim?

271 1652 467 1697 Similiter
497 1655 538 1698 in
572 1671 659 1715 sqq.
694 1674 750 1702 vs.
790 1662 900 1703 1349
929 1675 986 1717 sq.
1020 1662 1126 1705 haud
1158 1662 1278 1705 dubie
1308 1661 1546 1719 legendum:

1129 1742 1284 1785 οὕνεκα
1322 1740 1440 1793 κοῖγὼ

508 1813 527 1853 ἕ
538 1812 593 1862 ξε
605 1819 783 1870 μάνην
819 1816 950 1861 καλοῦ
983 1817 1138 1868 παιδὸς
1170 1818 1292 1874 ἔρωτι
1331 1817 1501 1872 δαμείς,

270 1883 377 1939 quod
398 1884 476 1927 iam
499 1885 626 1930 Orelli
648 1891 828 1945 reposuit
851 1907 921 1947 pro
947 1897 965 1937 ἐ
978 1897 1003 1946 ξ
1016 1913 1033 1938 ε
1048 1896 1151 1950 δάμ
1165 1914 1226 1951 ην
1260 1892 1505 1944 coniectura,
1526 1905 1590 1934 me
1610 1888 1758 1943 iudice,

267 1959 473 2016 aliquanto
494 1963 763 2019 probabiliore
794 1982 913 2023 quam
935 1984 1000 2019 ea,
1029 1984 1109 2026 qua
1141 1970 1298 2026 Sauppe
1331 1968 1536 2024 rescripsit
1558 1969 1758 2025 ἐξεδάην,

266 2038 373 2092 quod
411 2043 457 2081 ut
494 2055 671 2096 unquam
713 2042 857 2086 Graeci
892 2045 1068 2089 dixerint
1112 2061 1182 2102 pro
1221 2049 1396 2104 ἐξεκάην
1441 2045 1554 2088 valde
1598 2058 1758 2096 vercor,

266 2115 588 2172 quandoquidem
612 2118 682 2161 illa
703 2119 830 2163 forma
853 2122 916 2164 usi
948 2128 1044 2165 sunt
1067 2138 1138 2179 pro
1161 2125 1451 2182 ἐξεδιὸάχθην
1479 2139 1509 2167 s·
1532 2125 1760 2179 ἐξέμαθον-

327 2191 521 2235 Memoria
558 2199 694 2238 autem
726 2196 965 2253 dignissima
1006 2204 1068 2242 est
1101 2200 1200 2242 civis
1238 2200 1316 2243 mei
1350 2200 1580 2243 coniectura
1609 2213 1649 2256 p.
1682 2199 1758 2249 52,

271 2282 326 2311 vs,
362 2271 473 2313 1372
508 2272 764 2317 scribendum
794 2290 900 2318 esse:

534 2350 647 2395 ἀλλὰ
678 2353 990 2412 ταλαντείῃ
1023 2357 1095 2398 καί
1127 2373 1191 2405 τις
1219 2357 1332 2406 &vega
1364 2359 1497 2413 χάρις.

268 2434 338 2476 pro
371 2422 586 2479 depravata
617 2426 810 2470 librorum
839 2429 1059 2488 scriptura:

504 2503 601 2547 ἀλλ’
635 2508 690 2550 ἐν
722 2524 809 2551 τοι
842 2512 1013 2565 ταύτῃ
1053 2511 1125 2552 καί
1153 2527 1217 2559 τις
1248 2510 1359 2560 {vega
1391 2514 1522 2566 χάρις,

271 2575 378 2619 unde
411 2576 545 2634 Bergk
577 2580 705 2623 lenius
737 2582 920 2637 quidem,
964 2583 1034 2626 sed
1066 2584 1209 2627 dubito
1245 2599 1294 2627 an
1337 2598 1459 2642 acque
1490 2582 1672 2635 feliciter,
1704 2580 1757 2622 si-

269 2653 354 2695 mili
390 2655 588 2698 sententia
617 2657 778 2701 elicuit:
1105 2646 1121 2663 ⁶

660 2736 772 2779 ἀλλὰ
806 2737 932 2795 Boin
965 2743 1142 2796 ταύτῃ
1171 2744 1257 2783 κτέ.

316 2907 344 2946 l)
371 2907 554 2939 Contrarias
584 2918 671 2940 error
706 2910 902 2952 castigandus
936 2910 1017 2953 apud
1051 2911 1205 2943 Joannem
1234 2911 1459 2943 Dum-ocenum
1483 2909 1562 2942 xm
1571 2934 1581 2949 ,
1605 2909 1647 2944 ⁶7
1662 2933 1671 2948 ,
1703 2908 1756 2942 ubi

270 2968 469 3015 ἀνατρεφ
481 2970 638 3013 όμενος
662 2972 846 3005 mutandum
869 2978 916 3006 cst
943 2973 972 3005 in
998 2973 1200 3019 ἁναςρεφ
1213 2973 1266 3015 ὀμ
1278 2985 1323 3007 εν
1335 2985 1389 3011 ος.
