1890 3294
967 267 1023 310 74

250 387 442 447 Abnepos
470 395 510 433 et
538 391 720 449 abneptis
753 392 907 436 Graece
942 393 1116 438 audiunt
1146 397 1449 451 ἀπέγγονοι,
1489 397 1595 442 unde
1627 397 1744 444 velim

253 466 453 510 Simonidi
487 468 652 521 reddas,
685 469 794 525 quod
828 470 1003 527 scripsit.

310 601 531 646 ΡΒΛΤῙΝΑΕ
563 603 611 646 fr.
652 606 695 654 l,
730 619 788 648 vs,
823 607 877 648 12
909 620 1022 662 sqq‚:

489 682 617 736 φλέγε
651 686 726 727 τὸν
760 682 1201 738 ὀλεσισιαλοκάλαμον

491 758 803 816 λαλοβαρυόπα
836 760 1346 816 παραμελορυθμοβάταν
1381 759 1428 803 θ’

486 838 594 880 ὑπαὶ
628 842 894 894 τρυπάνῳ
929 837 1059 893 δέμας
1092 837 1510 892 πεπλασμένον.

252 910 293 952 Si
325 911 423 966 quid
447 912 587 954 horum
622 913 842 969 intellego,
866 917 984 970 poeta
1012 914 1162 960 αὐλόν,
1188 927 1280 955 nam
1304 912 1353 955 de
1384 913 1460 956 hoc
1479 913 1750 958 instrumento

251 1002 383 1029 sermo
417 992 500 1040 est,
536 988 687 1031 dixisse
719 989 883 1032 videtur
914 990 1068 1032 terebro
1100 989 1355 1032 vulneratum
1387 1005 1416 1031 s.
1443 990 1731 1048 perforatum:

548 1072 752 1124 τρυπάνῳ
785 1067 915 1122 δέμας
947 1067 1376 1122 πεπλαγμένον.

253 1140 364 1193 Quid
397 1141 504 1183 enim
539 1142 591 1184 sit
623 1149 828 1201 τρυπάνῳ
865 1145 1120 1188 πλάττειν
1155 1157 1237 1184 non
1269 1147 1434 1198 exputo.
1469 1143 1518 1188 Θ’
1547 1146 1653 1188 ὑπαὶ
1682 1142 1749 1186 de·

250 1216 366 1260 betur
408 1218 659 1262 coniecturae
702 1235 784 1261 non
817 1219 1034 1261 admodum
1068 1218 1177 1261 felici
1210 1233 1282 1274 pro
1314 1227 1455 1263 θυπα.
1516 1219 1750 1263 Sententiae

252 1295 506 1348 conveniret,
541 1297 649 1353 quod
680 1297 815 1353 Bergk
849 1296 1044 1348 coniecit,
1079 1301 1310 1353 θαμινά.

307 1423 523 1467 ΤΙΜΟΤΗΕῙ
553 1425 602 1467 fr.
634 1425 746 1467 XII:

666 1503 754 1546 Οὐκ
786 1503 918 1546 ‹idda›
949 1507 1002 1547 τὰ
1034 1502 1231 1551 παλαιά,

663 1583 794 1622 καινὰ
829 1582 909 1636 γὰρ
940 1579 1084 1634 μάλα
1118 1581 1306 1635 κρείσσω.

250 1653 318 1695 Sic
354 1653 484 1695 edidit
530 1654 663 1709 Bergk
697 1654 744 1696 de
787 1669 856 1696 sua
893 1645 1124 1697 coniectura
1164 1670 1234 1711 pro
1276 1658 1390 1710 ἅμα,
1433 1654 1541 1711 quod
1583 1654 1627 1698 in
1667 1669 1747 1697 uno

249 1731 385 1773 codiee
418 1730 679 1773 desideratur.
745 1731 919 1774 Dubito:
955 1747 1045 1774 nam
1084 1731 1249 1774 unicum
1282 1731 1447 1774 voculae
1477 1732 1593 1788 μάλα
1631 1730 1747 1774 Com·

247 1807 425 1863 parativo
458 1808 698 1850 coniunctae
732 1809 960 1865 exemplum
987 1808 1082 1850 novi
1115 1808 1248 1850 locum
1291 1807 1409 1850 Iliad.
1440 1807 1503 1860 X,
1546 1810 1656 1851 124:

308 1892 385 1930 νῦν
419 1883 458 1928 δ’
491 1887 586 1940 ἐμέο
618 1891 860 1942 πρότερος
891 1886 1004 1942 μάλ’
1039 1887 1264 1943 ἐπέγρετο,
1304 1889 1377 1929 καί
1407 1904 1479 1941 μοι
1513 1887 1670 1943 ἐπέςη,

249 1976 378 2017 neque
420 1961 463 2002 id
506 1961 636 2016 ipsum
685 1961 783 2003 satis
825 1966 1003 2013 eertum,
1051 1961 1145 2017 quia
1187 1966 1227 2003 et
1269 1961 1387 2003 Ixion
1421 1965 1463 2003 et
1512 1959 1746 2018 Etymologi

250 2038 384 2094 magni
418 2040 556 2081 auctor
589 2039 739 2081 habent
767 2040 876 2095 μέγ’.
925 2038 1034 2080 Hinc
1069 2043 1206 2080 nostro
1243 2038 1330 2080 loco
1365 2037 1622 2094 praetulerim
1653 2045 1744 2081 aut:

663 2121 794 2161 καινὰ
828 2123 907 2172 γάρ
939 2117 1079 2172 μέγα
1113 2118 1288 2171 κρείσσω

247 2198 316 2235 aut
353 2213 389 2236 κ.
420 2214 459 2247 γ.
491 2194 630 2237 πολύ
664 2196 850 2250 κρείσσω.

308 2270 386 2311 Sed
429 2269 628 2326 imprimis
660 2269 810 2311 arridet
848 2268 946 2311 mihi
979 2267 1271 2311 Schneidewini
1319 2267 1574 2310 coniectura:
1613 2273 1743 2314 καινὰ

247 2352 327 2404 γὰρ
365 2355 588 2405 ἄσματα
621 2367 706 2391 κτε.
1148 2348 1150 2350 ’

302 2423 417 2466 Inter
438 2423 679 2480 sraqmenta
711 2425 908 2481 ades-pota
939 2438 1021 2465 non
1057 2422 1251 2465 debuerat
1287 2421 1420 2478 Bergk
1453 2421 1630 2478 recipere
1658 2435 1744 2463 ver·

247 2515 358 2542 sum:
393 2519 440 2543 ου
474 2507 618 2545 πάντα
653 2505 746 2544 θεοὶ
780 2507 912 2545 πᾶσιν
946 2502 1114 2544 ε’δωκαν
1149 2501 1263 2557 ἐχειν
1297 2502 1463 2555 propter
1492 2497 1564 2539 hos
1595 2511 1672 2540 vss.
1699 2495 1743 2538 in

247 2575 470 2629 Antholog.
507 2575 617 2625 XII,
653 2577 732 2618 96:

423 2657 515 2696 οὔτι
547 2659 688 2707 μάταν
724 2660 925 2697 θνατοῖσι
959 2659 1084 2708 φάτις
1122 2654 1266 2697 τοιάδε
1302 2654 1486 2709 βοᾶται,

424 2734 479 2778 ώς
514 2730 561 2772 οὐ
594 2735 739 2773 πάντα
773 2733 869 2773 θεοὶ
904 2735 1033 2772 πᾶσιν
1069 2728 1236 2772 ἔδωκαν
1270 2729 1400 2785 ἔχειν.

305 2804 477 2846 Videtur
508 2805 614 2847 enim
650 2810 767 2861 poeta
807 2805 888 2846 suis
923 2803 1055 2846 verbis
1081 2818 1296 2845 memorare
1328 2806 1464 2844 notam
1501 2798 1746 2843 sententiam

248 2880 504 2923 Homericam
537 2881 588 2924 Il.
624 2887 676 2926 N
714 2882 963 2924 726—734.
1024 2879 1085 2923 Cf.
1121 2879 1171 2923 Il.
1205 2886 1242 2925 A
1281 2894 1337 2923 vs.
1373 2879 1472 2921 320.

208 3005 232 3035 (ο
307 3000 464 3043 Addam
502 3001 698 3045 nonnulla
729 3001 779 3044 ad
813 3001 1071 3044 Pmmntm:
