1890 3294
949 246 1004 291 62

231 388 365 427 κρισις
406 370 530 427 (quod
574 370 786 414 Herodoto
830 372 980 429 ubique
1023 374 1272 419 reddendum
1303 391 1391 420 esse
1423 392 1505 421 non
1535 378 1724 437 dubito),

231 447 308 490 nisi
351 447 467 503 peius
508 447 672 504 aliquod
715 449 830 492 ulcus
873 450 1036 493 subesse
1069 453 1303 509 suspicarer.
1364 454 1461 498 Non
1494 454 1602 499 enim
1633 471 1727 500 sen-

230 523 383 566 tentiae
413 523 492 566 loci
539 525 726 567 convenit
757 527 939 583 responsi
967 528 1081 570 notio
1113 529 1182 571 sed
1211 530 1443 583 verborum,
1485 530 1569 574 sive
1604 532 1727 589 polli-

232 600 361 642 centis
393 600 546 657 aliquid
577 601 662 643 sive
693 602 943 647 affirmantis,
1006 604 1118 648 Hinc
1148 606 1367 662 aliquando
1399 606 1652 664 suspicabar:

291 682 377 722 τῶν
408 679 595 731 ἄγαθῶν
631 679 762 734 ἐσθλὴ
795 683 875 736 μὲν
907 684 1240 741 ὑπόσχεσις,
1277 686 1414 730 ἐσθλὰ
1445 687 1491 730 δὲ
1518 683 1658 744 τᾶργα

231 756 278 794 ut
309 751 404 794 boni
436 752 627 796 dicantur
656 762 766 796 stare
789 755 1011 812 promisais.
1066 757 1154 801 Nec
1182 763 1320 803 tamen
1351 760 1413 803 vel
1443 760 1486 804 id
1518 761 1571 804 ab
1611 761 1723 805 omni

231 835 347 885 parte
379 830 585 873 satisfacit.
649 829 859 883 Quaerant
888 832 983 875 alii!

291 905 362 948 Vs.
402 908 529 948 1260.
564 906 636 948 Vel
668 907 822 950 adscita
853 908 1020 966 Bergkii
1052 910 1308 965 coniectura,
1337 912 1386 955 de
1417 927 1496 969 qua
1523 913 1610 957 dixi
1631 929 1726 972 pag.

231 984 286 1023 45
300 1015 312 1034 ‚
345 987 579 1039 corruptum
604 989 742 1026 manet
764 991 989 1043 καρτερός,
1007 1001 1079 1042 pro
1100 1002 1179 1044 quo
1208 989 1353 1040 αῖολός
1374 994 1446 1032 aut
1470 989 1606 1034 simile
1625 990 1726 1047 quid

230 1060 543 1115 exspectaveris,

294 1136 366 1179 Vs.
398 1137 524 1179 1289.
548 1136 715 1182 Ἰασίου
733 1143 914 1197 κούρην,
937 1143 1161 1198 παρθένον
1187 1141 1356 1201 Ἰασίην
1377 1143 1547 1188 fortasse
1567 1150 1723 1203 poetae,

229 1227 310 1254 non
351 1212 629 1262 librariorum,
678 1214 794 1271 culpa
839 1216 1002 1274 ineptus
1042 1223 1115 1261 est.
1181 1218 1334 1263 Contra
1375 1221 1462 1263 fieri
1499 1226 1638 1278 potest
1678 1227 1725 1268 ut

230 1304 324 1346 pag.
361 1293 411 1333 15
444 1291 505 1334 illi
536 1291 747 1334 tribuerim
770 1293 878 1349 quod
905 1293 1047 1337 horum
1080 1300 1142 1337 est
1167 1296 1211 1338 in
1234 1311 1292 1339 vs.
1318 1299 1455 1350 1364,
1484 1299 1552 1356 qui
1577 1299 1724 1343 leniter

230 1367 289 1408 sie
319 1372 455 1423 potest
486 1368 650 1424 refingi:
693 1367 768 1420 ὦς’
800 1371 874 1413 ἔτι
914 1378 970 1427 μή
1002 1388 1044 1416 σε
1078 1373 1234 1427 φιλεῖν.
1301 1374 1463 1431 Nempe
1503 1389 1723 1432 pronomen
1780 1378 1784 1382 ’

229 1463 258 1499 μ
273 1463 290 1487 ε
323 1444 438 1486 facile
462 1450 532 1486 aut
555 1444 604 1487 ab
631 1445 855 1501 interprete
880 1446 974 1488 addi
997 1451 1067 1489 aut
1090 1463 1111 1490 e
1141 1450 1327 1505 sequenti
1350 1459 1406 1508 μή
1433 1452 1542 1495 nasci
1565 1454 1721 1510 potuit,

230 1520 492 1574 expulsurum
524 1522 741 1576 genuinam
773 1523 955 1565 voculam
987 1526 1068 1568 ἔτι.
1118 1525 1178 1567 De
1209 1529 1274 1571 ἔτι
1305 1535 1360 1584 μή
1388 1543 1460 1584 pro
1479 1531 1632 1587 μηκέτι
1664 1530 1721 1573 si-

231 1595 475 1652 milibusque
505 1596 690 1640 videatur
721 1598 933 1642 Hermann
964 1600 1013 1642 ad
1045 1600 1228 1646 Trachin.
1268 1605 1364 1647 160.

291 1673 360 1715 Vs.
398 1675 523 1717 1380.
571 1675 702 1717 Usum
734 1676 1016 1720 vocabulorum
1049 1679 1120 1722 οἷα
1157 1697 1201 1723 τε
1235 1693 1306 1734 pro
1336 1679 1406 1724 οἷά
1438 1679 1610 1722 fortasse
1640 1695 1723 1724 non

232 1749 446 1791 debueram
479 1765 628 1805 ponere
658 1752 700 1794 in
734 1752 847 1796 vitio.
909 1754 1018 1796 Nam
1054 1755 1188 1811 epicos
1218 1755 1260 1797 in
1292 1770 1337 1798 ea
1370 1770 1412 1799 re
1444 1756 1596 1800 imitari
1626 1771 1722 1815 poe-

231 1830 400 1867 tastrum
433 1826 535 1868 nihil
568 1828 739 1872 vetabat.
802 1829 866 1872 Cf.
898 1844 999 1886 quae
1031 1831 1173 1888 scripsi
1205 1847 1298 1890 pag.
1336 1834 1386 1885 6,
1419 1834 1470 1876 ad
1508 1848 1564 1878 νε.
1606 1835 1687 1878 188
1705 1866 1718 1886 ,

230 1902 375 1957 quibus
405 1903 507 1945 adde
542 1919 599 1947 vs.
638 1907 737 1948 148.

290 1979 422 2022 Erunt
452 1980 644 2032 fortasse,
687 1982 756 2037 qui
798 1983 1020 2035 mirentur,
1057 1999 1126 2027 cur
1155 1999 1247 2041 pag.
1291 1989 1344 2029 24
1375 1989 1463 2046 ἰ’σχε
1509 1993 1608 2034 νόον
1643 1989 1718 2044 (vs.

234 2058 338 2113 565)
370 2071 452 2098 non
474 2057 761 2114 interpretatus
793 2059 866 2102 sim
904 2068 1006 2106 νοῦν
1035 2064 1129 2120 ἔχε,
1159 2062 1186 2105 i.
1219 2077 1254 2106 e.
1282 2078 1395 2120 sape.
1457 2063 1606 2108 Caussa
1622 2064 1724 2108 haec'

234 2138 315 2184 est,
336 2133 444 2188 quod
467 2139 554 2176 tum
577 2139 691 2177 extra
716 2136 877 2178 Atticae
900 2137 1000 2179 fines
1022 2152 1107 2181 eam
1135 2138 1376 2182 locutionem
1397 2141 1584 2197 sapiendi
1602 2155 1722 2184 sensu

235 2210 330 2264 (huc
355 2211 462 2253 enim
492 2212 656 2254 minime
683 2214 863 2269 pertinet
889 2215 1002 2258 locus
1033 2215 1112 2258 Od.
1145 2219 1169 2268 ξ
1197 2218 1298 2270 490)
1320 2217 1427 2272 apud
1458 2219 1632 2262 Graecos
1653 2233 1723 2262 an·

234 2285 426 2340 tiquiores
462 2287 610 2330 frustra
645 2290 843 2344 quaesivi,
886 2302 974 2334 tum
1008 2291 1175 2335 verbum
1206 2295 1343 2352 ἴσχειν
1371 2295 1413 2336 in
1443 2295 1610 2352 antiquo
1640 2309 1723 2338 oer-

234 2378 351 2404 mone
384 2363 496 2419 epieo
522 2369 563 2406 et
599 2364 775 2421 elegiaco
813 2381 968 2423 semper
1002 2368 1220 2419 retinendi,
1258 2370 1484 2422 cohibendi,
1517 2372 1724 2415 comenda·

234 2440 312 2481 vim
346 2454 522 2482 servasse
559 2441 729 2485 videtur.
784 2443 843 2486 'Il.
877 2444 938 2486 IX
970 2446 1079 2488 256:
1114 2449 1162 2490 σύ
1200 2448 1245 2491 δὲ
1276 2447 1546 2506 μεγαλήτορα
1578 2453 1720 2505 θυμὸν

233 2518 396 2574 ἴσχειν
426 2521 470 2562 ἐν
497 2525 718 2573 στήθεσσι,
741 2515 1030 2578 φιλοφροσύνη
1052 2527 1131 2580 γὰρ
1147 2525 1351 2579 ἀμείνων.
1378 2549 1432 2556 -
1449 2523 1596 2576 Quare,
1630 2518 1723 2568 sua·

234 2593 355 2635 dente
387 2594 513 2641 etiam
540 2594 616 2636 loci
650 2596 879 2649 sententia,
914 2597 1038 2640 verti:
1071 2599 1207 2642 cohibe
1231 2607 1415 2643 mentem.

293 2821 446 2864 Paucos
476 2822 541 2866 hic
573 2824 833 2880 subiungam,
869 2841 959 2868 nam
992 2826 1201 2883 plerosque
1222 2827 1446 2884 praeripuit
1470 2826 1568 2870 mihi
1591 2826 1722 2872 Welo·

232 2896 319 2937 keri
353 2899 531 2941 eruditio
562 2905 683 2955 atque
714 2901 951 2957 diligentia,
986 2908 1164 2945 veterum
1194 2907 1400 2960 poetarum
1431 2903 1551 2957 locos,
1573 2902 1720 2961 quibus

234 2973 496 3030 Theognidea
528 2977 702 3020 carmina
732 2978 926 3021 illustrari
957 2980 1253 3037 quodammodo
1283 2981 1450 3037 possint.
