1890 3294
1032 208 1087 249 22

307 337 381 365 vss.
420 324 711 370 1071—-1074
743 329 823 374 iam
858 331 1001 376 habuit
1029 341 1122 380 ante
1155 340 1291 383 oculos
1324 348 1667 403 συμμίσγων,
1698 351 1808 407 quod

304 414 399 442 sane
431 409 566 457 potest
597 404 802 460 explicari.

365 476 434 518 Vs.
469 478 552 520 325
588 494 701 537 sqq.:

420 556 458 598 εἴ
489 574 554 606 τις
586 560 876 615 ἆμαρτωλοῒσι
911 565 1048 618 φίλων
1083 571 1152 612 ἐπὶ
1186 576 1322 616 παντὶ
1358 575 1548 632 χολῷτο,

418 637 465 679 οὔ
499 634 598 678 ποτ’
632 640 688 680 ἂν
722 637 925 695 ἀλλήλοις
961 646 1141 699 ἄρθμιοι
1175 648 1274 692 οὐδὲ
1309 651 1428 704 φίλοι

422 710 530 754 εἶεν·
566 714 817 769 ἁμαρτωλαὶ
852 721 932 773 γὰρ
967 722 1012 763 ἐν
1045 723 1352 778 ἀνθρώποισιν
1385 728 1568 775 ἕπονται

418 792 625 843 θνητοῖς,
663 794 820 847 Κύρνε·
856 799 980 838 θεοὶ
1016 797 1054 840 δ’
1085 799 1181 842 οὐκ
1216 803 1487 849 ἐθέλουσι
1520 808 1729 865 φέρειν.

359 861 485 904 Recte
512 863 554 905 in
583 864 750 908 dubium
782 873 966 912 vocatum
987 875 1050 914 est
1074 878 1127 919 ἐν
1152 890 1208 918 VS.
1234 878 1333 931 327,
1364 880 1479 935 quod<
1495 881 1630 940 Bergk
1653 885 1695 930 in
1720 887 1802 941 ἐπ’,

297 937 511 994 Emperius
560 940 602 982 in
637 942 710 998 ἅμ’
743 945 983 989 mutandum
1024 964 1110 992 esse
1151 958 1305 997 censet:
1339 957 1408 999 sed
1446 959 1544 1014 quid
1577 960 1622 1004 in
1644 962 1800 1008 ultimis

296 1029 397 1070 quae
419 1016 611 1073 adscripsi
639 1020 774 1063 verbis
794 1022 907 1076 (θεοὶ
924 1050 977 1056 —-
992 1028 1156 1085 φέρειν)
1180 1036 1250 1073 aut
1278 1033 1415 1076 vitiosi
1437 1041 1508 1078 aut
1525 1036 1654 1094 inepti
1677 1039 1803 1095 insit,

298 1106 359 1133 me
392 1107 554 1148 prorsus
582 1110 662 1138 non
698 1097 834 1141 videre
865 1102 1068 1146 confiteor.
1120 1105 1379 1160 Rectissime,
1416 1111 1459 1154 ni
1497 1112 1629 1166 fallor,
1669 1116 1802 1163 locum

298 1167 377 1210 iam
421 1171 628 1226 expedivit
666 1173 865 1226 Weloker‚
897 1177 947 1219 ad
975 1179 1091 1222 ouius
1123 1182 1426 1229 adnotationem
1463 1188 1657 1234 lectorem
1693 1194 1805 1238 rele-

297 1234 411 1300 gesse
442 1247 629 1292 sufficiet.
683 1250 778 1293 Non
817 1254 945 1310 magis
966 1256 1133 1312 probare
1166 1274 1326 1315 possum
1355 1264 1519 1320 Bergkii
1553 1270 1795 1314 sententiam

296 1328 507 1378 corruptos
536 1341 620 1368 esse
653 1341 730 1371 vss.
774 1331 855 1372 331
893 1345 969 1387 sq.-

413 1403 636 1461 ‘'Hovxo;·,
671 1408 811 1464 ὥσπερ
846 1411 956 1462 ἐγὼ,
991 1413 1148 1468 μέσσην
1181 1416 1281 1460 ὁδὸν
1317 1420 1435 1476 ἔρχεο
1468 1424 1621 1466 ποσσίν

411 1479 512 1537 μηδ’
544 1484 726 1538 ἑτέροισι
761 1485 930 1537 διδούς,
966 1494 1128 1545 Κύρνε.
1166 1496 1218 1535 τὰ
1252 1498 1338 1538 τῶν
1372 1497 1553 1553 ἑτέρων,

294 1560 335 1598 et
368 1557 623 1600 scribendum
655 1561 753 1617 μηδ’
787 1563 959 1619 ἑτέρωσε
995 1566 1112 1617 δίου,
1149 1567 1223 1611 hac
1259 1570 1397 1613 addita
1430 1573 1793 1631 interpretatione:

293 1648 389 1676 neve
415 1636 668 1678 dem-orsum
690 1653 786 1680 neve
807 1640 1074 1684 sinistrorsum
1097 1644 1270 1687 aliorum
1290 1649 1453 1706 vestiyia
1472 1665 1649 1709 sequere.
1687 1653 1794 1699 Nam

289 1712 376 1751 tum
406 1710 521 1753 valde
549 1726 685 1755 vereor
719 1719 764 1756 ut
797 1715 893 1759 haec
932 1717 1084 1761 Graece
1119 1720 1229 1763 dicta
1265 1723 1371 1775 sint,
1412 1731 1502 1768 tum
1533 1727 1636 1771 nihil
1667 1733 1731 1772 est
1752 1730 1793 1774 in

289 1785 469 1830 codicum
512 1789 683 1832 lectione
719 1792 828 1847 quod
856 1793 944 1836 iure
976 1796 1255 1852 reprehendas,
1304 1799 1464 1858 Nempe
1496 1819 1553 1848 νε.
1571 1807 1792 1862 posteriore

289 1878 451 1918 prorsus
482 1865 587 1907 idem
611 1869 790 1923 neyative
813 1869 978 1923 dicitur,
1009 1873 1116 1928 quod
1141 1875 1311 1930 pom‘tive
1333 1877 1486 1922 dictum
1514 1886 1577 1925 est
1598 1898 1660 1926 vs.
1683 1886 1791 1929 544:

644 1943 736 1988 ἶσον
768 1947 1045 2005 ἀμφοτέροισι
1079 1951 1221 2006 δόμεν.

350 2018 447 2068 ,ΙΑιΖ
491 2034 624 2061 meum
668 2025 941 2079 ememplum‚”
981 2026 1088 2078 nait,
1126 2029 1302 2071 mediam
1344 2034 1587 2091 tranquillum
1627 2052 1792 2097 sequere

284 2094 409 2146 viam,
432 2111 548 2137 suum
580 2098 754 2141 tribuem-
784 2101 972 2158 utrisque,
1009 2105 1236 2162 neutrisque
1260 2109 1448 2163 partibus
1469 2111 1664 2168 favem.'’
1695 2115 1790 2159 Per·

284 2171 415 2213 tinent
449 2172 545 2215 haec
581 2174 629 2216 ad
667 2176 836 2219 eandem
868 2192 975 2230 rem,
1018 2194 1138 2236 quam
1172 2188 1290 2238 poeta
1323 2187 1454 2230 suasit
1485 2204 1540 2232 vs.
1583 2192 1667 2235 219
1701 2207 1786 2250 sq.:

458 2252 593 2307 μηδὲν
626 2258 744 2306 ἄγαν
777 2256 965 2313 ἅσχαλλε
998 2262 1325 2315 ταρασσομένων
1357 2265 1626 2323 πολιητέων,

460 2331 625 2383 Κύρνε.
660 2331 793 2386 μέσην
828 2333 867 2374 δ’
903 2334 1025 2390 ἔρχευ
1058 2341 1136 2390 τὴν
1169 2337 1296 2387 ὀδόν,
1334 2341 1472 2398 ὥσπερ
1506 2346 1603 2397 ἐγώ.

344 2401 410 2444 Vs.
445 2405 526 2445 347
563 2419 640 2460 sq.:

461 2483 543 2534 ἐγὼ
577 2483 622 2526 δε·
657 2489 768 2529 κείων
803 2487 986 2543 ἐπέρησα
1019 2491 1260 2548 χαράδρην,

462 2565 670 2617 χειμάρρῳ
701 2569 880 2620 ποτάμῳ
912 2564 1040 2608 πάντ’
1074 2568 1549 2627 ἀποσεισάμενος.

344 2632 483 2689 Imago
519 2649 597 2677 non
630 2637 730 2679 satis
766 2638 959 2691 dilucida,
981 2656 1057 2684 nec
1079 2643 1288 2700 quicquam
1314 2648 1477 2703 prodest
1493 2650 1641 2695 vitasse
1674 2654 1780 2697 Ana·

280 2709 453 2751 creontis
479 2711 747 2767 fragmentum
771 2716 877 2771 apud
911 2717 1252 2774 Hephaestionem
1278 2725 1354 2765 68:
1381 2727 1553 2784 μεγάλῳ
1586 2726 1714 2785 δηῦτέ
1733 2732 1780 2787 μ’

277 2786 420 2841 ’Ἔρως
443 2790 604 2845 ἔκοψεν
632 2795 736 2835 ὣστε
765 2795 943 2850 χαλκεύς
967 2796 1149 2847 πελέκει,
1185 2803 1431 2858 χειμερίῃ
1465 2801 1503 2845 δ’
1534 2804 1774 2853 ἔλουσεν

277 2864 332 2904 ἐν
374 2867 638 2923 χαράδρῃ.
687 2867 835 2916 Poeta,
869 2870 937 2926 qui
974 2872 1109 2914 omnia
1146 2876 1459 2929 sumamiserat,
1491 2894 1576 2923 sese
1614 2894 1774 2938 compa·

276 2941 338 2977 rat
377 2953 463 2981 eum
499 2956 618 2993 cane,
652 2944 720 2998 qui
765 2948 1030 3001 pernataverit
1073 2953 1318 3002 torrentem,
1353 2953 1531 2996 fluminis
1564 2955 1601 2998 vi
1634 2957 1771 3000 omnia
