1890 3294
1009 232 1067 275 44

354 350 522 395 Prorsus
551 353 703 398 incerta
734 359 795 399 est
825 357 1050 402 emendatio
1082 375 1264 405 versuum
1301 365 1410 409 1201
1444 381 1545 425 sq.:

498 433 597 478 οὐδέ
627 452 698 490 μοι
731 438 898 492 ἡμίονοι
931 438 1088 493 κύφων’
1123 439 1322 486 ἕλκουσιν
1359 445 1560 502 ἀρότρου,

499 517 591 567 τῆς
621 511 804 569 ἄλλης
833 522 1046 572 μνηςῆς
1078 519 1220 561 εἵνεκα
1254 520 1492 580 ναυτιλίης.

350 583 455 628 Nam
484 591 642 643 praeter
663 588 935 642 coniecturas,
967 606 1066 648 quas
1088 595 1290 638 recensuit
1315 597 1474 654 Bergk,
1505 599 1611 644 hand
1630 601 1776 659 impro-

293 659 481 704 babiliter
512 664 640 720 possis
673 669 765 708 aut:
802 674 896 723 τῆς
926 670 1100 728 ἄλλης
1134 675 1223 716 ἐπὶ
1256 680 1352 730 γῆς
1385 678 1528 722 εἵνεκα
1551 680 1776 738 ναυτιλίης

290 743 385 782 aut:
427 745 554 787 αῖὲν
596 743 842 802 α’λάστης
886 747 1032 801 τῆσδ’
1077 751 1218 794 εἵνεκα
1255 753 1493 811 ναυτιλίης.
1557 753 1624 798 VS.
1666 758 1772 800 1200

290 818 549 872 εὐαλδεῗς
589 834 661 876 pro
705 823 969 874 εὐανθεῖς
1001 837 1088 866 vere
1119 824 1291 879 Hecker,
1324 827 1367 870 ni
1397 828 1528 874 fallor.
1593 831 1700 876 Mihi
1728 833 1773 877 in

287 894 460 938 mentem
493 901 654 939 venerat
684 899 970 957 εὐθηλεῖς,
1003 901 1072 943 sed
1102 902 1205 945 illud
1237 904 1424 960 praefero.

346 971 452 1015 Fieri
485 978 643 1030 potest,
679 979 724 1017 ut
755 991 873 1032 supra
905 992 993 1034 pag.
1029 980 1084 1021 14
1115 979 1384 1025 calumniatus
1406 982 1481 1026 sim
1501 988 1678 1042 poetam.
1702 987 1772 1044 qui

286 1048 406 1092 hodie
431 1050 632 1108 scripsisse
670 1052 847 1096 creditur
879 1068 933 1098 ve.
973 1057 1080 1099 1247
1116 1071 1199 1112 sq.:

343 1133 570 1184 φρόντισον
599 1131 731 1189 ἔχθος
763 1134 862 1188 ἐμὸν
900 1136 990 1176 καὶ
1021 1134 1283 1191 ὑπέρβασιν,
1321 1138 1415 1182 ἰ’σθι
1455 1140 1500 1184 δὲ
1535 1145 1658 1197 θυμῷ

344 1206 400 1256 ὥς
432 1207 465 1250 σ’
494 1206 558 1262 ἐφ’
592 1208 824 1266 ἁμαρτωλῇ
852 1212 1035 1265 τίσομαι,
1067 1216 1123 1261 ὥς
1155 1211 1361 1268 δύναμαι,

286 1284 411 1336 utque
442 1282 557 1339 culpa
590 1283 646 1326 sit
676 1299 796 1340 penes
819 1284 1027 1338 librarios,
1059 1286 1094 1330 is
1115 1292 1250 1330 autem
1272 1289 1407 1345 paullo
1427 1291 1571 1336 melius
1591 1292 1768 1337 dederit:

519 1365 747 1417 φρόντισον
783 1365 914 1422 ἔχθος
946 1368 1046 1420 ἐμὸν
1080 1363 1150 1410 δι’
1176 1367 1414 1425 ὑπέρβασιν
1451 1373 1537 1413 κτὲ.

341 1435 409 1479 Vs.
444 1437 555 1479 1249
583 1452 692 1494 sqq.:

339 1521 442 1565 παῖ,
481 1517 528 1558 σύ
562 1518 640 1572 μὲν
674 1518 810 1569 αὕτως
841 1520 995 1570 ἵππος,
1029 1521 1118 1562 ἐπεὶ
1152 1526 1320 1576 κριθῶν
1353 1523 1605 1582 ἐκορέσθης,

339 1586 469 1641 αὖθις
506 1594 575 1635 ἐπὶ
611 1596 830 1649 σταθμούς
862 1594 1022 1650 ἤλυθες
1054 1597 1303 1653 ἡμετέρους,

339 1669 512 1727 ήνίοχὸν
543 1687 588 1713 τε
630 1673 784 1715 ποθῶν
816 1672 990 1726 ἀγαθὸν
1023 1672 1213 1728 λειμῶνα
1245 1691 1289 1718 τε
1323 1674 1457 1720 καλὸν

337 1750 495 1801 κρήνην
527 1764 570 1789 τε
604 1751 774 1805 ψυχρὴν
805 1747 940 1792 ἄλσεα
967 1767 1011 1793 τε
1043 1755 1200 1806 σκιερά.

334 1819 538 1863 Praeclare
569 1821 705 1879 Bergk
737 1823 938 1868 intellexit
969 1824 1151 1868 lacunam
1185 1828 1443 1871 statuendam
1477 1843 1560 1872 esse
1591 1834 1684 1886 post
1709 1845 1767 1875 vs.

281 1899 405 1941 1249.
471 1898 605 1951 l'Nam
646 1899 745 1942 haec
776 1900 855 1943 fuit
885 1902 1106 1946 sententia:
1152 1903 1221 1946 ubi
1254 1905 1429 1947 satiatus
1461 1920 1527 1958 ea,
1561 1905 1766 1964 abrumpis

279 1974 465 2026 avincula
484 1979 523 2018 et
540 1975 717 2032 aufugis:
741 1981 857 2033 post,
882 1977 950 2020 ubi
968 1978 1090 2021 fames
1109 1983 1151 2022 te
1169 1981 1339 2035 premit,
1361 1981 1466 2024 redis
1484 1981 1534 2025 ad
1548 1982 1764 2040 pristinum

277 2051 556 2103 ''dominum”
594 2052 703 2095 Num
732 2053 837 2096 forte
863 2058 979 2110 putas
1004 2054 1123 2097 huius
1150 2058 1514 2112 argumentationis
1544 2060 1755 2104 veritatem

275 2128 398 2171 everti
427 2129 501 2180 iis,
538 2143 638 2185 qnae
668 2144 744 2172 van
779 2129 850 2172 der
882 2130 974 2187 Mey
1002 2132 1192 2188 opposuit
1223 2133 1380 2177 scilicet
1411 2150 1453 2192 p.
1480 2136 1533 2179 4⁷
1558 2137 1762 2182 scribens:

276 2203 398 2256 „Non
443 2209 502 2247 est
541 2205 1013 2263 l·1cuna.Comparatur
1056 2223 1155 2264 puer
1185 2224 1273 2253 cum
1307 2226 1421 2268 equo.
1427 2211 1453 2231 ”
1517 2213 1662 2269 (Quasi
1693 2219 1764 2258 aut

272 2281 405 2337 Bergk
440 2287 509 2324 aut
541 2283 754 2339 quisquam
787 2284 862 2327 hoc
893 2284 1052 2340 ignoret
1065 2286 1092 2342 l)
1130 2285 1269 2339 „Pone
1300 2288 1508 2345 spiritum
1533 2290 1592 2334 ita
1611 2291 1762 2348 pergit,

274 2371 480 2413 „asperum
501 2358 541 2401 in
560 2360 734 2402 secunda
766 2360 915 2417 syllaba
947 2360 1128 2404 vocabuli
1158 2366 1295 2416 αὕτως
1317 2369 1358 2407 et
1380 2364 1514 2408 divide
1535 2364 1640 2412 αὖθ’
1661 2361 1765 2421 offic-³

272 2432 362 2476 Hoc
404 2449 517 2487 vere3
564 2436 634 2478 sed
680 2436 832 2480 dudum
872 2443 1080 2481 monuerat
1131 2439 1351 2497 Emperius.
1418 2441 1540 2497 (Vide.
1593 2443 1761 2501 Bergkii

271 2510 426 2563 adnot.)
500 2513 626 2568 Atqui
674 2513 758 2570 ipsa
802 2514 868 2557 illa
912 2515 1091 2558 eiusdem
1149 2517 1331 2560 vocabuli
1384 2519 1574 2576 repetitio
1611 2520 1760 2564 indicio

270 2590 356 2638 est,
391 2588 584 2630 nonnulla
617 2590 722 2632 inter
753 2607 810 2633 vs.
853 2593 962 2635 1249
994 2596 1034 2634 et
1071 2594 1180 2635 1250
1214 2593 1480 2638 intercidisse.

327 2661 398 2705 Vs.
436 2666 543 2707 1257
579 2679 668 2722 sq.:

445 2736 477 2783 ὦ
510 2748 612 2793 παῖ,
645 2744 973 2790 κινδύνοισι
1005 2746 1406 2802 πολυπλάγκτοισιν
1439 2752 1581 2805 ὁμοῖος

443 2819 602 2873 ὀργήν,
635 2819 791 2865 ἄλλοτε
827 2829 936 2874 τοῖς,
971 2823 1128 2867 ἄλλοτε
1162 2831 1304 2868 τοῖσι
1345 2825 1551 2881 φιλεῖν

324 2890 418 2934 Non
453 2893 551 2935 male
579 2893 685 2936 idem
716 2910 788 2937 van
824 2896 894 2939 der
927 2898 1035 2954 Mey,
1066 2899 1126 2941 cll.
1163 2914 1237 2941 vss.
1278 2901 1527 2951 lou-74,
1561 2900 1755 2945 coniecit:

270 2973 393 3018 τοῖς
448 2971 676 3023 ἐφέπει,
728 2973 834 3029 quod
884 2978 1020 3017 tamen
1053 2990 1100 3017 an
1134 2981 1312 3033 praestet
1359 2976 1589 3034 Bergkiano
1635 2985 1756 3031 τοῖς
