1890 3294
989 224 1046 266 24

271 338 367 397 quid
404 342 605 385 sententia
637 344 881 401 requireret,
913 348 1024 392 solus
1041 350 1269 398 criticorum
1292 359 1498 415 perspexit
1521 360 1766 409 clarissimus

271 416 505 474 Lyricorum
538 419 690 475 editor,
727 422 770 466 in
802 425 915 468 cuius
937 430 1071 472 tamen
1097 429 1249 487 triplici
1277 434 1506 480 coniectura
1528 438 1762 501 (εὖπελίην,

269 496 512 555 εὐπαθίην,
543 500 678 557 μηδὲν
712 500 808 559 λη’ν)
837 503 940 547 nihil
972 510 1033 549 est
1060 509 1168 564 quod
1198 510 1259 554 vel
1285 511 1363 568 ipsi
1390 515 1544 559 auctori
1566 517 1663 562 safis
1682 519 1765 577 pla-

269 585 356 614 cere
386 574 527 629 possit.
574 575 679 619 Mihi
707 577 749 620 in
781 585 956 625 mentem
992 585 1124 629 venit:

651 655 823 702 ‘116⁵'oe
853 665 1005 715 μοῦν·
1041 666 1260 718 ἓπίφαινε·
1292 673 1378 712 κτὲ.

328 725 623 782 Dignissimum
659 735 721 772 est
753 733 859 788 quod
887 735 1128 791 conferatur,
1157 741 1364 800 quodque,
1396 750 1441 788 ut
1468 746 1564 791 haec
1585 748 1762 794 scribens

266 803 568 857 animadverto,
592 807 672 850 iam
695 809 887 854 collatum
910 817 972 855 est
994 830 1015 856 a
1036 815 1271 871 Welckero,
1301 820 1468 866 Pindari
1489 824 1759 882 fragmentum

268 881 318 922 18
352 895 391 937 p.
427 883 506 924 291
544 883 604 926 ed.
639 884 710 928 III
741 885 833 944 Lyr.
858 887 947 938 Gr..
985 892 1091 935 unde
1123 909 1167 936 ea
1190 900 1349 941 tantum
1373 899 1493 946 verba
1511 901 1758 959 adscribam,

263 972 363 1014 quae
396 959 647 1004 coniecturae
685 977 795 1006 meae
832 965 988 1011 favent:

412 1038 556 1083 καλῶν
588 1043 666 1110 palin}
699 1038 774 1087 οὖν
806 1051 961 1101 μοῖράν
994 1066 1037 1092 τε
1072 1056 1326 1108 τερπνῶν
1360 1057 1402 1106 ἐς
1432 1057 1564 1111 μέσον

413 1120 486 1172 χρὴ
520 1120 656 1161 παντὶ
690 1118 779 1176 λαῷ
814 1122 1051 1168 δεικνύναι.

319 1191 436 1233 Adde
471 1192 632 1235 Stobaei
665 1210 686 1238 e
720 1196 940 1256 Florilegio
974 1208 1118 1259 caput,
1159 1206 1264 1261 quod
1298 1206 1555 1254 inscribitur:
1592 1215 1659 1258 ὅτι
1691 1214 1757 1259 δεῖ

239 1273 335 1321 ,τὰς
365 1274 444 1326 μὲν
479 1274 678 1332 εὐτυχίας
709 1281 968 1333 προφαίνειν
1002 1286 1106 1334 κτὲ.,
1141 1282 1170 1326 i.
1203 1298 1236 1327 e.
1269 1299 1352 1342 cap.
1386 1285 1501 1332 CIX.

317 1346 385 1388 Vs.
407 1348 490 1390 365
514 1363 573 1405 sq.
606 1350 726 1410 Ἴσχε
751 1357 867 1405 νόον,
893 1356 1062 1416 γλώσσῃ
1085 1359 1129 1403 δὲ
1157 1364 1205 1404 τὸ
1225 1363 1419 1421 μείλιχον
1442 1369 1537 1412 αἰὲν
1559 1368 1752 1414 ἑπέσθω·

610 1428 764 1475 δειλῶν
799 1449 863 1475 τοι
896 1434 1066 1479 τελέθει
1100 1439 1254 1497 καρδίη
1284 1441 1479 1500 οξυτέρη.

317 1502 383 1546 Vs.
417 1503 544 1546 altero
576 1519 655 1547 non
685 1506 846 1560 dicitur,
878 1511 985 1566 quod
1019 1513 1148 1558 visum
1179 1521 1240 1559 est
1260 1518 1443 1575 populari
1472 1534 1561 1564 meo
1584 1536 1661 1566 van
1682 1522 1754 1567 der

258 1579 350 1636 Mey
387 1595 423 1636 p.
461 1583 536 1624 25:
574 1584 737 1626 stultum
771 1600 852 1629 esse
882 1589 945 1630 cui
970 1605 1081 1633 mens
1110 1593 1152 1635 in
1174 1586 1372 1652 promptu
1401 1597 1470 1648 sit,
1502 1597 1592 1643 sed:
1625 1599 1752 1643 homi-

257 1659 621 1711 namma-iconam,
651 1664 1033 1716 ἀπαιδεύτων,
1068 1671 1322 1725 αἰδρίων,
1356 1672 1752 1730 imperitaeatolidae

253 1750 328 1792 que
357 1737 597 1792 plebeculae
639 1753 743 1791 esse,
786 1742 966 1784 animum
1006 1760 1087 1788 non
1124 1762 1392 1804 compescere,
1435 1766 1516 1794 non
1562 1755 1748 1813 ἰ’σχέιν

256 1818 405 1866 νόον,
438 1814 545 1870 quod
574 1815 711 1859 eodem
749 1832 869 1861 sensu
909 1820 1076 1876 dictum,
1100 1838 1180 1880 quo
1202 1824 1468 1870 Horatianum
1496 1828 1620 1874 illud:
1642 1846 1748 1874 com-

245 1904 365 1946 pesce
385 1898 570 1943 mentem,
599 1892 623 1934 i.
640 1907 673 1935 e.
696 1893 802 1936 iram
823 1896 971 1940 cohibe.
1008 1900 1069 1942 De
1088 1900 1382 1956 significatione
1398 1904 1582 1949 vocabuli
1607 1908 1746 1961 δειλός

251 1966 357 2022 apud
389 1966 569 2023 Theogn.
605 1969 788 2013 videatur
814 1972 1011 2029 imprimis
1046 1976 1232 2020 Welcker
1257 1979 1301 2022 in
1328 1994 1423 2023 suae
1445 1981 1636 2027 editionis
1656 1999 1746 2042 pro·

251 2043 467 2099 legomenis
514 2045 646 2099 Quare
684 2063 765 2092 non
798 2065 918 2094 sensu
952 2057 1033 2096 tam
1068 2054 1244 2109 diverso,
1275 2071 1395 2114 quam
1422 2059 1483 2102 illi
1506 2060 1636 2105 visum
1664 2067 1743 2116 est,

250 2120 394 2163 iisdem
427 2122 560 2165 verbis
593 2123 678 2167 sive
708 2126 813 2169 idem
845 2128 928 2171 sive
957 2130 1058 2173 alius
1091 2137 1210 2188 poeta
1248 2149 1343 2179 usus
1375 2141 1435 2179 est
1462 2153 1516 2180 vs.
1549 2140 1659 2182 1029
1682 2155 1742 2198 sq.

249 2197 437 2242 Ceterum
473 2205 603 2252 recte,
630 2206 674 2244 ut
701 2202 884 2256 videtur,
917 2205 994 2249 iam
1029 2207 1189 2252 Brunck
1220 2211 1395 2255 traiectis
1419 2213 1549 2267 verbis
1569 2215 1743 2261 scribere

250 2276 392 2318 maluit
422 2279 601 2336 ὀξυτέρῃ
634 2280 800 2338 κραδίη.

309 2352 375 2395 Vs.
420 2355 503 2396 370
549 2370 606 2411 sq.
653 2365 895 2413 μωμεῦνται
930 2385 988 2391 ——
1018 2371 1258 2418 μιμεῦνται.
1314 2365 1499 2410 Eundem
1532 2368 1741 2415 verborum

244 2429 378 2472 lusum
411 2431 491 2474 iam
526 2431 773 2476 Boissonade
804 2436 962 2479 notavit
994 2438 1034 2481 in
1059 2440 1269 2495 proverbio
1291 2443 1396 2499 apud
1420 2443 1738 2502 Diogenianum:

571 2518 809 2567 μωμήσεται
845 2533 908 2565 τις
942 2520 1075 2573 ῥᾷον
1110 2526 1136 2575 ἤ
1165 2526 1408 2575 μιμήσεται,

244 2597 324 2624 non
359 2584 489 2626 hercle
523 2589 702 2643 ῥᾴδιον,
737 2590 845 2645 quod
876 2591 942 2635 ille
972 2594 1098 2637 affert.

303 2660 497 2704 Similiter
528 2662 689 2714 Cicero,
724 2667 791 2723 qui
827 2668 917 2725 plus
949 2670 1076 2713 nimio
1109 2672 1182 2715 hoc
1212 2688 1357 2729 genere
1390 2675 1628 2730 delectatur,
1665 2692 1736 2735 pro

243 2737 385 2781 Roscio
427 2755 526 2783 com.
562 2743 583 2797 ᾧ
623 2746 671 2786 19
707 2744 812 2787 ludit
845 2746 885 2790 in
920 2747 1050 2791 verbis
1082 2750 1246 2794 laedere
1276 2756 1319 2795 et
1349 2753 1543 2806 laudare,
1581 2754 1735 2799 Aristo-

244 2814 391 2868 phanes
424 2816 464 2858 in
503 2817 655 2861 Avibus
690 2835 745 2863 vs.
780 2823 864 2864 (338
898 2838 955 2879 sq.
990 2824 1029 2866 in
1063 2830 1210 2883 γνώμη
1244 2832 1285 2869 et
1307 2832 1424 2885 ῥώμη
1446 2828 1567 2885 inque
1589 2829 1734 2874 iisdem

242 2891 445 2935 vocabulis
495 2895 578 2938 uoti
625 2904 763 2940 auctor
810 2901 1110 2957 epigrammatis
1159 2904 1198 2947 in
1245 2904 1582 2957 Demosthenem,
1625 2906 1731 2963 apud

241 2965 507 3026 Pseudoplut.
543 2973 611 3017 vit.
646 2990 669 3017 x
701 2982 820 3020 orat:
