1890 3294
191 332 303 387 nde'
337 339 523 385 Quietae
564 339 770 386 Plutarchi
810 342 944 388 locum
986 359 1010 387 e
1050 345 1155 391 libro
1185 351 1293 406 ὑπὲρ
1334 351 1551 406 εὐγενείας
1581 352 1690 410 apud

171 413 408 461 v&alituum
439 417 484 461 in
515 417 732 475 Florilegio
761 418 1033 466 LXXXVIII
1042 456 1055 475 ‚
1093 425 1170 468 12:
1208 430 1366 480 ἇπιςος
1394 434 1422 485 ἡ
1453 435 1542 477 τῶν
1574 448 1690 487 σοφι-

193 494 283 546 ςῦν
310 498 582 550 συκοφαντία
614 500 726 541 κατὰ
757 504 831 553 τῆς
862 500 1109 555 εὐγενείας,
1147 506 1185 546 εἷ
1214 504 1322 561 μηδὲ
1353 508 1435 551 τοῖν
1466 508 1580 566 μέσῳ
1613 515 1687 555 καὶ

193 573 300 613 πᾶσι
344 573 542 627 γνώριμα
588 579 838 627 σκοποῦσιν,
881 578 971 620 ὅτι
1012 581 1149 634 πρὸς
1192 582 1286 632 τὰς
1326 582 1521 640 ὀχείας
1561 588 1689 638 τούς

194 645 428 700 εὐγενεῖς
458 651 651 699 ἵππους
682 653 767 693 καὶ
799 658 958 705 κύνας
988 656 1252 700 ὠνοῦνται
1281 661 1365 701 καὶ
1389 665 1687 718 κιχρῶνται.

253 719 328 766 Vs.
360 723 458 766 299.
489 722 629 767 Codex
660 724 911 770 Mutinensis
941 733 1055 772 tanta
1075 744 1169 786 prae
1191 733 1335 776 ceteris
1357 736 1546 779 omnibus
1569 737 1687 782 libris

184 795 465 856 *lbognideis
491 804 555 843 eet
583 801 846 856 excellentia,
878 809 925 847 ut
954 805 1073 849 fidem
1106 822 1189 852 non
1224 809 1391 854 habeam
1420 812 1560 871 Meyo,
1592 829 1685 872 pag.

190 874 248 919 4⁰
279 889 341 933 sq.
370 890 462 921 eum
492 876 762 922 deterioribus
791 879 964 937 legenti:
996 882 1110 929 οὐδ’
1129 887 1323 932 ἐθέλει
1356 894 1458 942 κτὰ,
1493 891 1563 934 sed
1585 892 1685 935 mihi

186 951 449 1010 puemdeam
479 954 598 998 unice
638 955 863 1000 audiendos
897 973 1007 1013 esse,
1050 961 1119 1018 qui
1152 976 1230 1019 ope
1261 963 1510 1010 Mutinensis
1541 975 1684 1026 poetae

185 1040 351 1072 meum
381 1028 597 1072 restituere
629 1037 838 1084 conentur,
871 1033 955 1077 sive
982 1035 1221 1082 Hermanno
1241 1039 1566 1099 obtemperemus
1586 1047 1683 1090 scri-

100 1151 101 1154 ,
183 1102 320 1149 beuti:
350 1106 491 1158 οὐδεὶς
511 1108 564 1164 δὴ
588 1108 711 1164 φίλος
738 1113 895 1157 ἐστίν
923 1118 1031 1165 κτὰ,
1054 1113 1140 1158 sive
1162 1116 1488 1174 peringeniosam
1513 1122 1681 1180 Bergkii

182 1181 474 1239 amplectamur
504 1185 723 1228 rationem:
754 1188 894 1239 οὐδεὶς
925 1190 985 1247 λῇ
1014 1194 1138 1247 φίλος
1164 1192 1297 1247 εἶναι,
1328 1201 1375 1239 ut
1410 1201 1606 1245 ἐθέλει
1638 1202 1681 1245 in

183 1257 353 1316 reliquis
377 1259 506 1309 ,libris
546 1261 601 1305 sit
643 1262 859 1320 ignotioris
899 1266 1009 1310 verbi
1048 1268 1189 1313 Dorici
1203 1271 1431 1328 glossema.
1497 1276 1679 1322 Doriensi

183 1338 320 1380 autem
350 1342 517 1394 poetae,
547 1338 643 1383 lieet
675 1340 718 1383 in
749 1341 892 1399 elegiis
922 1358 1014 1387 cum
1045 1344 1242 1402 Tyrtzoeo,
1275 1348 1447 1404 Solone,
1478 1352 1568 1402 aliis,
1589 1370 1680 1411 poe-

182 1411 265 1456 tico
294 1411 444 1457 Ionum
475 1429 660 1460 sermone
682 1432 779 1461 usus
799 1419 878 1472 sit,
912 1422 1035 1465 semel
1058 1423 1259 1468 excidisse
1282 1426 1444 1472 verbum
1468 1429 1679 1484 Doricum,

182 1488 290 1547 quod
331 1489 548 1548 aliquando
590 1493 716 1537 fuisse
757 1495 945 1540 omnibus
988 1495 1153 1543 Graecis
1193 1517 1404 1547 commune
1446 1513 1616 1565 apparet
1657 1525 1679 1552 e

181 1564 364 1611 derivato
407 1569 540 1626 λῆμα,
589 1586 670 1615 non
715 1577 779 1615 est
821 1574 927 1631 quod
964 1591 1206 1634 magnopere
1243 1580 1450 1627 miremur.
1517 1585 1679 1629 Nihilo·

180 1642 316 1687 niinus
353 1643 444 1687 vide
474 1659 579 1702 quae
620 1635 833 1706 scripei'in
860 1657 956 1695 nota
999 1653 1051 1695 ad
1079 1654 1228 1699 calcem
1266 1672 1354 1715 pag.
1394 1661 1462 1711 17,
1501 1661 1593 1716 ubi,
1627 1679 1677 1707 ne

178 1704 270 1776 quis
311 1720 416 1765 male
466 1722 535 1766 illa
566 1723 687 1768 verba
727 1726 1049 1786 interpretetur,
1080 1733 1218 1789 quales
1250 1734 1369 1777 modo
1403 1735 1486 1779 dixi
1532 1744 1677 1794 poetae

177 1795 346 1853 elegiaci
381 1797 651 1856 intellegendi
693 1808 803 1847 sunt.
866 1805 916 1849 In
960 1821 1017 1851 vs.
1048 1810 1234 1865 sequenti
1271 1815 1405 1855 utrum
1437 1808 1475 1871 ᾦ
1514 1813 1556 1859 x'
1586 1830 1675 1859 cum

177 1870 356 1929 Bergkio
395 1888 447 1918 an
476 1879 523 1927 ὃς
565 1877 604 1920 κ’
637 1892 729 1922 cnm
761 1879 880 1938 Meyo
918 1882 1082 1939 legatur
1112 1885 1162 1928 ad
1200 1901 1364 1931 sensum
1396 1890 1563 1945 perinde
1593 1898 1675 1945 est,

177 1962 311 2006 neque
353 1950 405 1994 ad
451 1951 573 1997 fidem
620 1955 853 2000 traditionis
901 1959 1073 2005 multum
1123 1962 1280 2017 differt,
1328 1965 1426 2009 lieet
1469 1967 1571 2011 illud
1621 1969 1677 2013 sit

177 2023 304 2069 etiam
333 2025 482 2072 lenius.

237 2100 307 2146 Vs.
338 2104 439 2149 847.
500 2094 733 2163 Disputatio
765 2109 816 2153 de
847 2111 887 2154 h.
922 2112 947 2155 l.
987 2128 1081 2170 pag.
1117 2117 1172 2158 22
1209 2131 1269 2173 sq.
1297 2117 1595 2164 dubitationem
1625 2122 1674 2166 de

178 2177 350 2223 traditae
390 2181 616 2239 scripturae
654 2186 830 2229 sanitate
867 2188 1047 2232 nondum
1082 2191 1203 2243 mihi,
1248 2208 1322 2237 nec
1366 2195 1537 2239 fortasse
1570 2198 1671 2251 tibi,

174 2254 231 2298 mi
262 2255 402 2310 betur,
434 2258 601 2316 eripuit.
645 2260 779 2315 Quin,
815 2277 893 2307 una
926 2272 1082 2310 mutata
1114 2268 1295 2323 litterula,
1327 2271 1554 2330 Theognidi
1587 2275 1672 2319 red-

173 2330 327 2376 dimus:
358 2336 443 2389 lydo
465 2337 511 2381 od
542 2337 688 2384 δυῶν
721 2342 916 2399 ἐπέρησα
945 2347 1252 2404 χαράδρην.
1283 2347 1345 2392 Cf.
1367 2350 1515 2393 Aesch.
1539 2350 1671 2396 Prom.

175 2409 274 2452 ⁷48.
338 2408 495 2464 Rarior,
536 2414 773 2469 praesertim
811 2416 887 2461 hoc
922 2434 1043 2472 casu,
1087 2436 1165 2465 vox
1197 2437 1276 2466 non
1309 2424 1522 2469 intellecta
1554 2429 1672 2472 facile

172 2490 246 2528 aut
274 2484 378 2530 {orte
406 2492 479 2531 aut
510 2488 560 2532 de
591 2489 792 2536 industria
823 2494 865 2538 in
898 2497 1153 2541 notissimam
1187 2501 1334 2543 mutari
1371 2509 1542 2558 poterat.
1576 2505 1670 2547 Non

173 2574 300 2618 aeque
329 2563 518 2621 expedita
547 2571 610 2609 est
643 2570 895 2627 corruptelae
929 2573 1060 2627 ratio,
1094 2574 1127 2617 si
1160 2590 1251 2619 cum
1276 2577 1506 2636 Hartungio
1528 2581 1667 2623 eodem

173 2650 295 2682 sensu
325 2646 511 2687 κακῶν
542 2657 614 2699 pro
645 2650 756 2692 κύων
783 2647 1044 2704 suspicamur.

234 2713 303 2759 Vs.
337 2716 419 2759 377
451 2731 530 2774 sq.:

290 2798 381 2845 πῶς
412 2794 462 2849 δή
493 2811 586 2848 σευ,
608 2801 823 2858 Κρονίδη,
859 2803 991 2859 τολμᾷ
1029 2808 1125 2857 νόος
1154 2798 1319 2862 ἄνδρας
1341 2809 1538 2864 silerem),-

290 2871 347 2914 ἐν
386 2873 557 2928 ruera
590 2878 757 2933 μοίρῃ
791 2885 866 2922 τον
901 2897 943 2923 τε
980 2881 1152 2926 δίκαιον
1184 2886 1350 2940 ἔχειν.

233 2942 387 2988 Suadet
427 2947 529 2990 ratio
571 2947 838 3005 Graecitatis,
882 2960 927 2998 ut
960 2955 1048 3006 hic,
1080 2958 1189 3014 quod
1221 2961 1454 3016 saepissime
1484 2962 1658 3017 accidit,
