1890 3294
224 243 365 293 v1·
911 253 1038 259 —·—

220 363 261 403 et
295 357 365 415 fui
399 362 440 403 et
476 371 576 403 ero„
625 356 667 403 Si
700 357 827 418 quid,
870 358 935 404 ait
967 357 1174 411 Flaccus,
1210 356 1369 403 novisti
1404 356 1568 404 rectius
1603 356 1723 412 istis,

221 452 429 498 candidus
462 451 662 512 imperti:
694 452 731 497 si
763 466 875 507 non,
909 453 976 498 his
1010 459 1134 499 utere
1164 466 1351 498 mecum.

278 545 458 599 Libere,
504 547 573 590 uti
621 560 742 591 meus
789 552 851 592 est
892 560 1001 600 mos,
1048 547 1125 592 sed
1159 546 1426 599 verecunde,
1470 546 1548 591 ubi
1582 537 1724 592 aula

213 640 452 698 praeclaro
489 640 749 696 Lyricorum
782 641 948 685 editore
981 646 1062 685 aut
1099 641 1154 685 ab
1186 641 1291 685 aliis
1327 641 1495 687 criticis
1524 640 1724 686 dissenti-

219 747 334 786 rem,
381 733 654 792 siqnificavi,
691 733 840 778 laudis
871 734 988 779 idem
1020 748 1106 779 non
1137 749 1322 794 parcus,
1355 736 1432 780 ubi
1467 749 1512 781 se
1546 735 1724 795 offerret

218 827 439 872 laudandi
461 827 639 872 occasio.
680 827 804 881 Quod
834 829 918 873 sibi
948 842 1119 888 quoque
1150 829 1318 874 dictum
1350 834 1522 875 censeat
1555 829 1726 876 amicus

216 935 336 966 meus
371 926 412 966 et
446 921 671 981 quondam
706 922 753 965 in
795 920 1036 967 Cobetiana
1073 923 1312 982 disciplina
1356 911 1595 970 commilito
1634 937 1726 970 van

218 1014 297 1059 der
331 1014 449 1072 Mey,
486 1015 611 1059 cuius
639 1015 867 1060 laudabile
897 1029 1004 1062 sane
1025 1017 1307 1075 opusculum,
1341 1031 1427 1077 quo
1453 1022 1552 1062 erat
1582 1001 1742 1063 recem⁴

219 1108 328 1160 tius,
362 1123 408 1153 eo
438 1109 616 1166 saepius
653 1109 766 1153 mihi
796 1110 1047 1167 refutandi,
1079 1111 1155 1155 sed
1182 1111 1408 1170 probandi
1444 1111 1523 1156 via:
1551 1111 1722 1165 rarius,

216 1202 424 1260 praebuit
461 1202 705 1246 materiem.

279 1296 436 1341 Pauca
467 1296 559 1340 iam
591 1296 724 1349 mihi,
759 1311 874 1356 quae
904 1297 1050 1355 ipsum
1076 1302 1252 1355 poetam
1284 1302 1496 1355 tangunt,
1535 1296 1726 1342 dicenda

217 1394 467 1448 supersunt.
533 1389 597 1434 Ac
621 1391 768 1448 primo
801 1391 980 1450 quidem
1005 1391 1057 1435 de
1098 1389 1267 1436 Suidae
1299 1389 1610 1447 compilatione
1644 1389 1724 1434 sub

218 1499 316 1528 voce
348 1484 586 1542 Theognis,
626 1485 678 1529 de
707 1499 798 1544 qua
834 1490 948 1530 recte
980 1485 1152 1529 iudicat
1192 1484 1388 1530 Welcker
1426 1485 1475 1529 in
1512 1483 1725 1530 editionis

216 1592 323 1622 suae
359 1577 668 1636 Praefatione,
703 1593 804 1637 paq.
833 1577 888 1622 73
921 1593 983 1637 sq.
1039 1578 1195 1623 Merito
1227 1583 1375 1622 autem
1409 1572 1488 1623 ille
1513 1577 1655 1623 haesit
1677 1578 1726 1623 in
1762 1632 1765 1635 Ι

216 1672 438 1716 vocabulis
472 1678 524 1718 τὰ
561 1679 707 1718 πάντα
741 1676 975 1724 ἐπικῶς,
1010 1671 1088 1715 hoc
1125 1671 1386 1716 adverbium
1417 1672 1470 1716 de
1493 1672 1616 1731 poesi
1641 1672 1726 1718 ele-

214 1766 343 1824 qiaca
365 1766 581 1824 usurpari
608 1779 731 1823 posse
763 1765 862 1809 iure
894 1778 1074 1823 neyans.
1110 1763 1198 1809 Sed
1223 1765 1364 1809 miror
1386 1765 1571 1811 eundem
1589 1778 1726 1826 prae-

218 1858 385 1902 teriisse
414 1858 592 1915 facilem
624 1872 711 1903 esse
747 1858 904 1902 horum
938 1858 1168 1902 verborum
1208 1859 1536 1911 correctionem,
1567 1859 1608 1904 si
1645 1859 1723 1904 ad-

217 1952 412 1996 hibueris
439 1967 492 1997 ea
523 1967 636 2013 quae
670 1953 792 2011 apud
825 1952 1016 1997 Suidam
1046 1953 1252 2004 aliunde,
1287 1956 1338 1996 ut
1359 1953 1453 2011 ipse
1481 1952 1617 2005 vidit,
1649 1966 1723 1998 ea·-

217 2050 366 2103 cerpla
397 2046 694 2103 praecedunt:
740 2051 914 2102 γνώμας
952 2047 1007 2090 δι’
1037 2048 1227 2100 ἐλεγείας
1260 2051 1319 2099 εἷς
1355 2048 1439 2104 ἔπη
1478 2045 1580 2106 fid,
1623 2046 1653 2090 ἰ.
1685 2059 1721 2091 θ.

215 2141 405 2198 δισχίλια
427 2143 675 2185 ὀκτακόσια.
713 2138 916 2196 Optimae
931 2145 1062 2184 notae
1080 2139 1311 2184 annotatio
1342 2153 1397 2185 ea·
1418 2145 1563 2185 vetere
1578 2140 1718 2199 scrip·

215 2238 305 2277 tore
331 2259 383 2265 —-
405 2234 495 2278 sive
524 2234 560 2277 is
579 2235 666 2290 suit
691 2233 1136 2290 Pseudo-Xenophon,
1163 2234 1288 2278 cuius
1307 2235 1607 2292 sraqmentum
1627 2246 1651 2278 e
1666 2234 1722 2278 li-

139 2358 142 2362 .
215 2327 289 2370 bro
307 2328 358 2371 cle
383 2327 627 2385 Theoqnide
648 2328 843 2372 servavit
862 2327 1073 2373 Stobaeus
1094 2327 1136 2371 F
1138 2328 1216 2372 lor.
1242 2326 1376 2372 88.14
1390 2363 1400 2379 ‚
1419 2327 1511 2372 sive
1527 2327 1648 2372 alius
1662 2351 1721 2360 —

213 2422 377 2479 petita,
412 2422 530 2466 unde
554 2423 861 2478 corriqendum
893 2427 946 2467 τὰ
969 2428 1115 2468 πάντα
1139 2423 1243 2478 ἔπη
1275 2423 1316 2479 ,β
1329 2419 1388 2465 ω’.
1447 2418 1559 2465 Fuit
1582 2419 1723 2477 ἐρίων

220 2520 369 2558 eamus
391 2516 515 2567 oum,
553 2516 591 2559 εἰ
627 2516 699 2560 aa·
728 2517 857 2572 fides,
893 2515 1056 2573 integri
1078 2515 1221 2573 opera
1243 2514 1455 2566 ambitus,
1490 2500 1723 2558 enimam

218 2608 304 2651 nisi
326 2609 486 2666 esciqua
515 2625 623 2667 pars
649 2637 699 2642 ——
726 2625 831 2654 nam
849 2610 1076 2668 permulta
1110 2609 1158 2652 in
1178 2608 1412 2666 sarrayine
1445 2604 1723 2665 Theoqm'dea

217 2715 303 2745 non
341 2717 427 2746 esse
471 2703 732 2760 Tlieoynidis
763 2704 872 2748 satis
904 2708 1071 2747 constat
1103 2729 1157 2735 —
1193 2702 1252 2746 ad
1289 2706 1487 2745 nostram
1514 2682 1722 2757 pervenit

218 2800 420 2839 aetatem.
484 2796 737 2854 Perdiqtzac
759 2802 907 2841 autem
937 2801 1041 2840 sunt
1069 2795 1153 2839 hae
1185 2793 1406 2853 reliquiae
1440 2805 1551 2837 cura
1575 2790 1722 2850 philo·

217 2885 434 2942 loqorum,
467 2902 613 2946 neque¹
631 2889 677 2932 id
697 2889 840 2931 solum
875 2893 1058 2946 propter
1092 2893 1283 2932 aetatem
1311 2911 1370 2917 —-
1391 2899 1507 2946 quae
1526 2884 1720 2929 nimium

218 2980 360 3023 tenuis
388 2981 486 3025 laus
514 2983 626 3037 foret
651 3009 698 3015 —
727 2982 803 3027 sed
835 2987 926 3026 tum
950 2981 998 3025 ob
1028 2982 1352 3026 sententiarum
1381 2979 1655 3038 qravitatem
1675 2982 1718 3023 et
