1890 3294
970 258 1022 301 76

316 391 352 432 εἰ
383 387 420 432 δ’
453 391 550 444 ἐμῷ
584 387 788 445 Μελησία
823 388 867 439 ἐξ
901 388 1106 441 ἀγενείων
1142 388 1269 440 κῦδος
1301 389 1591 448 ἀνέδραμεν
1624 392 1756 449 ὕμνῳ.

261 462 325 506 Cf.
360 463 525 519 Bergkii
555 462 781 506 adnotatio.

313 540 432 598 Pyth.
470 539 556 592 IV,
594 541 674 584 99:

439 622 512 663 καὶ
546 621 609 670 τίς
645 621 891 674 ἀνθρώπων
924 634 966 661 σε
1002 619 1298 676 χαμαιγενέων
1331 620 1537 672 πολιᾶς

440 697 648 751 ἐξανῆκεν
683 699 869 751 γαςρός;

316 770 530 828 Suspicor:
571 774 704 815 ποτὲ
740 769 863 823 Γᾶς.

260 848 378 905 Pyth.
417 848 548 900 VIII,
586 850 665 891 92:
859 851 904 892 ἐν
938 847 976 892 δ’
1009 847 1142 904 ὀλίγῳ
1174 849 1341 906 βροτῶν

434 931 480 972 τὸ
514 930 699 983 τερπνόν
733 927 930 977 αὔξεται”
966 927 1075 969 οὕτω
1107 926 1152 969 δὲ
1188 929 1261 969 καὶ
1296 931 1444 971 πιτνεῖ
1476 929 1610 984 χαμαί

434 1007 734 1060 ἀποτρόπῳ
763 1006 957 1059 γνώμᾳ
991 1003 1277 1059 σεσεισμένον.

314 1079 536 1136 Bergkium
580 1078 614 1120 si
656 1077 874 1130 audimus,
928 1077 1093 1119 novavit
1141 1077 1218 1120 hoc
1262 1076 1467 1120 Pindarus
1502 1092 1576 1135 pro
1610 1082 1759 1136 γνώμῃ

255 1164 343 1204 ἄπο
377 1162 554 1214 τρόπου.
590 1155 647 1198 Ni
680 1155 820 1211 potius
852 1155 1096 1211 legendum:
1130 1160 1480 1213 μετατρόπῳ,
1517 1154 1602 1198 sive
1634 1154 1762 1198 forma

258 1234 422 1277 Aeolica
453 1234 775 1290 πεδατρόπῳ
803 1236 969 1290 γνώμᾳ.
1014 1231 1076 1275 Cf.
1108 1231 1228 1288 Pyth.
1251 1231 1313 1284 X,
1338 1233 1414 1274 20:
1437 1236 1493 1288 μὴ
1523 1238 1760 1290 φθονεραῖς

259 1316 304 1356 ἐκ
339 1317 455 1356 θεῶν
496 1312 807 1366 μετατροπίαις
845 1312 1138 1367 ἐπικύρσαιεν.
1205 1308 1283 1351 Sed
1315 1307 1405 1350 vide
1442 1307 1616 1352 Scholia.

317 1387 438 1430 Nem.
471 1385 603 1438 VIII,
639 1400 695 1428 VS.
731 1387 810 1428 27:

320 1465 508 1524 χρυσέων
540 1463 579 1508 δ’
609 1465 729 1513 Αἰἀς
762 1466 983 1519 στερηθεὶς
1011 1462 1159 1508 ὃπλων
1190 1466 1337 1519 φόνῳ
1370 1462 1667 1506 πάλαισεν.

259 1542 366 1585 Mira
410 1540 591 1592 locutio,
635 1539 744 1582 unde
784 1554 865 1582 non
909 1543 1122 1595 appareat,
1166 1543 1302 1581 utrum
1344 1538 1448 1580 Aiax
1479 1537 1555 1580 sibi
1589 1541 1758 1580 mortem

261 1618 448 1662 intulerit
479 1632 619 1660 necne.
652 1617 797 1673 Neque
829 1617 1014 1659 eximunt
1035 1615 1136 1659 mihi
1158 1615 1470 1668 dubitationem,
1495 1629 1597 1671 quae
1616 1613 1758 1657 Beckh

259 1695 308 1738 de
352 1696 390 1738 h.
422 1695 449 1738 l.
488 1699 785 1737 commentatus
816 1698 889 1736 est.
955 1692 1062 1735 Nam
1097 1698 1250 1745 ἄταις,
1287 1695 1486 1750 ζημίαις,
1521 1697 1757 1750 συμφοραῖς

259 1773 464 1818 παλαίειν
510 1771 545 1813 is
593 1771 755 1823 dicitur,
804 1770 872 1827 qui
909 1771 1090 1813 luctatur
1126 1785 1158 1811 s.
1200 1769 1457 1812 conflictatur
1503 1782 1594 1811 cum
1635 1765 1756 1810 rebus

259 1848 462 1900 adversis,
505 1849 689 1905 quamvis
730 1848 884 1891 incerto
927 1847 983 1890 rei
1019 1851 1169 1889 eventu
1211 1846 1383 1889 intentis
1430 1852 1566 1889 tamen
1601 1843 1757 1887 viribus

259 1926 302 1968 id
334 1941 479 1982 agens,
512 1931 558 1968 ut
589 1926 773 1982 superior
805 1939 856 1968 ex
883 1940 928 1967 ea
948 1924 1147 1980 palaestra
1169 1923 1416 1979 egrediatur.
1449 1921 1569 1976 Quod
1592 1920 1759 1965 minime

259 2002 365 2045 valet
405 2002 453 2045 dc
485 2017 554 2054 eo,
598 2002 667 2057 qui
709 2017 779 2044 sua.
808 2000 886 2044 sibi
918 2015 1038 2043 manu
1069 2004 1240 2043 mortem
1275 1998 1500 2043 consciscit.
1566 1997 1760 2054 Suspicor

260 2080 408 2136 igitur:
443 2085 560 2138 φόνῳ
593 2078 877 2137 παλόίχθη.

320 2157 442 2201 Nem.
475 2157 536 2208 X,
570 2171 627 2201 vs.
662 2158 714 2199 13
748 2171 862 2212 sqq..·

383 2237 523 2294 θρέψε
558 2234 596 2280 δ’
630 2237 791 2292 αἰχμὰν
825 2234 1172 2287 Ἀμφιτρύωνος·
1198 2233 1222 2273 ό
1245 2228 1284 2273 δ’
1306 2229 1441 2287 ὄλβῳ
1465 2230 1715 2285 φέρτατος

383 2313 512 2356 ἵκετ’
546 2316 586 2363 ἐς
619 2314 764 2355 κείνου
798 2315 971 2364 γενεάν,
1010 2311 1099 2351 ε’πεὶ
1132 2310 1176 2352 ἐν
1215 2307 1413 2365 χαλκέοις
1447 2306 1598 2355 ὅπλοις

387 2388 609 2445 Τηλεβόας
643 2376 878 2441 ἔναρεν(
902 2404 953 2428 τι
988 2387 1039 2428 οἱ
1068 2388 1173 2440 ὄψιν
1209 2384 1422 2438 εῗόόμενος

386 2467 627 2509 ἀθανάτων
668 2461 868 2520 βασιλεύς
904 2459 1043 2505 αὐλὰν
1084 2459 1292 2514 ἐσῆλθεν,

385 2537 534 2595 σπέρμ’
573 2541 841 2594 ἀδείμαντον
879 2537 1019 2593 φέρων
1056 2535 1314 2591 Ἠρακλέος.

269 2617 364 2659 Non
396 2615 526 2658 ausim
558 2615 748 2665 definire,
787 2628 932 2655 verane
965 2612 1020 2654 sit
1060 2611 1284 2654 Hermanni
1317 2610 1548 2654 coniectura
1584 2610 1762 2664 ἔναρεν·

271 2701 346 2749 τῷ,
378 2707 497 2748 quam
531 2691 679 2747 recepit
717 2689 876 2745 Bergk,
909 2703 959 2731 an
988 2688 1097 2743 quod
1136 2693 1299 2730 auctore
1336 2686 1587 2729 Mommscno
1620 2683 1768 2739 recepit

270 2769 406 2812 Christ
444 2773 687 2825 ἐναρόντος.
751 2765 830 2809 Sed
862 2770 956 2808 utut
979 2764 1022 2806 id
1045 2770 1122 2815 est,
1159 2764 1278 2806 initio
1309 2762 1565 2806 scribendum
1591 2760 1766 2803 videtur:
1801 2807 1804 2811 ,

926 2846 949 2886 o'
982 2839 1019 2886 δ’
1058 2842 1239 2899 ὄλβων
1274 2842 1547 2897 φέρτατος

566 2919 675 2965 ἵκετ’
707 2924 748 2971 ἐς
783 2922 930 2965 κείνου
962 2923 1140 2973 γενεάν,
1175 2921 1267 2962 ἐπεὶ
1300 2921 1388 2961 κτὲ.
