1890 3294
1037 224 1064 265 4

297 352 406 402 585,
442 350 549 402 793,
587 350 685 392 899.
732 349 917 392 Formam
949 352 1176 397 ἀποειπεῖν
1211 353 1353 408 (semel
1383 354 1536 412 legitur
1567 358 1794 403 ἀποειπὼν

292 442 347 469 vs.
369 427 439 482 90)
465 426 525 468 bis
543 425 772 482 Theognidi
794 425 1004 468 restituere
1018 463 1028 479 ‚
1052 442 1102 470 an
1125 427 1341 471 obtrudere
1364 429 1515 483 dicam,
1539 431 1675 475 eonati
1697 436 1796 476 suut

288 503 361 546 viri
394 503 526 545 docti:
564 503 687 545 semel
718 517 774 546 vs.
807 505 891 544 323
926 503 1099 556 Hecker,
1132 504 1202 547 ubi
1235 520 1324 548 cum
1356 507 1409 550 sit
1438 506 1484 550 in
1520 507 1775 553 Mutinensi:

345 587 400 637 μή
440 580 537 624 ποτ’
573 584 641 624 ἐπὶ
675 590 828 638 σμικρᾷ
861 587 1071 636 προφάσει
1104 583 1230 637 φίλον
1262 583 1389 641 ἄνδρ’
1419 585 1734 631 dholian:

347 663 606 712 πειθόμενος
639 657 817 714 χαλεπῇ,
856 662 1016 714 Κύρνε,
1054 660 1276 718 ὅιαιβολίῃ

287 733 413 775 multo
457 727 590 774 leuior
634 738 698 774 est
745 733 873 775 altera
923 733 1106 778 eiusdem
1154 736 1387 780 coniectura
1427 739 1790 790 ἀποθέσθαι,

287 809 417 851 semel*
443 809 624 865 Epkema
658 825 715 852 vs.
750 811 835 852 519
868 824 975 866 sqq.:

405 886 500 931 Ἠν
534 887 589 930 δέ
625 906 710 937 τις
744 892 894 944 εἰρωτᾷ
927 892 1002 932 τὸν
1035 892 1135 943 ἐμὸν
1169 891 1286 946 βίον,
1321 883 1405 934 ὧδε
1438 893 1480 935 οἱ
1507 895 1660 936 εἰπεῖν·

406 965 464 1013 ὥς
499 959 544 1006 εὖ
575 967 653 1018 μὲν
688 964 907 1021 χαλεπῶς,
938 967 995 1016 ὥς
1030 966 1225 1023 χαλεπῶς
1257 967 1301 1010 δὲ
1334 967 1434 1022 μάλ’
1457 963 1520 1020 εὖ,

408 1039 518 1083 ὼσθ’
540 1040 619 1084 ’ἕνα
650 1044 727 1096 μὲν
762 1043 906 1092 ξεινόν
943 1048 1161 1098 πατρώιον
1196 1044 1272 1087 οὐκ
1305 1043 1674 1097 ἀπολείπειν,

408 1118 550 1167 ξείνια
582 1118 627 1160 δὲ
661 1117 879 1162 πλεόνεσσ’
911 1120 959 1162 οὐ
992 1119 1178 1169 δυνατὸς
1211 1120 1435 1177 παρέχειν.

350 1191 441 1233 Hoc
474 1198 611 1235 tamen
643 1192 732 1235 loco
755 1194 896 1249 quovis
920 1198 1087 1250 pignore
1110 1195 1349 1238 contendam
1374 1194 1538 1239 verbum
1559 1199 1787 1243 α’πυειπεῖν

288 1268 336 1310 de
384 1269 567 1325 hospite,
612 1270 726 1312 cuius
770 1285 848 1312 non
893 1278 1063 1314 exuatur
1105 1272 1281 1314 amicitia
1315 1272 1381 1329 (cf.
1417 1288 1454 1315 v.
1487 1274 1586 1330 90),
1617 1273 1688 1316 sed
1718 1273 1789 1330 qui

288 1351 451 1400 propter
496 1350 717 1401 egestatem
764 1347 940 1402 hospitio
975 1363 1055 1390 non
1094 1349 1333 1405 excipiatur,
1371 1350 1475 1392 haud
1514 1350 1610 1393 satis
1646 1356 1787 1408 aptum

287 1435 393 1472 esse3
429 1421 498 1463 sed
529 1422 667 1478 potius
700 1424 946 1479 exspectari:

407 1498 518 1542 ὀισθ’
549 1501 628 1544 ἕνα
659 1504 737 1556 μὲν
771 1502 915 1551 ξεινόν
947 1507 1170 1556 πατρώιον
1206 1503 1281 1546 οὐκ
1316 1505 1648 1550 ἐπιλείπειν

288 1575 374 1616 scil.
418 1580 492 1620 τὸν
538 1580 637 1632 ἐμὸν
671 1580 788 1634 βίον,
832 1577 890 1618 ita
920 1584 964 1618 ut
995 1578 1075 1632 (res
1105 1578 1214 1635 mea)
1250 1594 1374 1621 unum
1403 1580 1564 1638 quidem
1593 1580 1789 1639 hospitem

279 1659 504 1709 paternum
534 1668 615 1694 non
646 1654 820 1710 deficiat.
864 1653 1049 1708 Cogitavi
1071 1655 1190 1697 etiam
1213 1655 1264 1698 de
1286 1657 1516 1713 reponendo
1548 1660 1787 1716 οἷποπέμ·

286 1748 404 1773 πειν
440 1743 509 1784 pro
541 1730 869 1780 ἀπολείπειν,
907 1745 1041 1772 verum
1071 1737 1274 1786 praestare
1295 1731 1466 1775 alterum
1491 1732 1589 1775 mihi
1616 1733 1784 1777 videtur.

286 1805 499 1847 Praeterea
528 1805 646 1847 initio
677 1805 754 1847 loci
788 1805 895 1848 haud
926 1806 1047 1849 dubie
1081 1806 1262 1850 diremtis
1302 1808 1434 1851 literis
1466 1809 1683 1865 legendum
1706 1813 1787 1853 est:

767 1884 860 1928 ''Hv
898 1885 942 1928 δέ
978 1904 1024 1928 τι
1055 1886 1087 1928 σ’
1119 1890 1289 1942 εἰρωτᾷ.

344 1957 438 1999 Νοιι
484 1958 593 2000 enim
633 1974 764 2001 sermo
797 1965 858 2001 est
892 1960 939 2001 de
971 1961 1052 2002 alio
1084 1962 1246 2016 quoviS,
1280 1962 1350 2004 sed
1384 1963 1434 2005 de
1466 1962 1554 2019 ipso
1586 1963 1677 2015 isso,
1713 1964 1784 2021 qui

285 2042 532 2078 memoratur
565 2038 606 2078 iu
640 2038 882 2092 praegressis
917 2053 973 2080 VS.
1009 2041 1092 2080 515
1127 2053 1210 2094 sq.:

764 2115 858 2158 Ἠν
892 2116 939 2158 δέ
973 2134 1038 2166 τις
1071 2117 1179 2173 ἔλθῃ
1215 2121 1303 2160 uti.

343 2188 496 2231 Deinde
530 2189 648 2231 litera
684 2190 847 2232 Aeolica
877 2190 1091 2233 obliterata
1125 2197 1186 2234 est
1217 2208 1272 2235 vs.
1296 2195 1406 2245 428,
1441 2191 1507 2235 ubi
1532 2192 1651 2235 hodie
1674 2207 1784 2250 pror·

281 2281 347 2308 sus
380 2266 555 2309 absurde
589 2267 738 2309 dieitur
772 2273 1002 2311 mortuum:

526 2352 697 2389 κεῖσθαι
731 2347 895 2401 πολλὴν
929 2356 1028 2402 γῆν
1063 2350 1520 2404 ἐπαμησάμενον.

347 2419 569 2475 Aliquanto
602 2436 696 2463 vero
720 2422 891 2474 rectius,
924 2422 1031 2477 quod
1056 2423 1182 2464 sensit
1204 2423 1284 2466 iam
1310 2423 1468 2479 Bergk,
1503 2423 1654 2480 legitur
1675 2423 1781 2481 apud

277 2495 443 2538 Sextum
488 2497 760 2553 Empiricum,
809 2498 879 2554 qui
924 2498 963 2540 h.
998 2499 1024 2542 l.
1069 2499 1250 2542 laudavit
1295 2499 1446 2556 Hypot.
1494 2499 1584 2552 III,
1626 2516 1665 2557 p.
1703 2501 1782 2553 75,

277 2580 447 2628 γαῖαν
483 2579 891 2630 ἐφεσσάμενον.
928 2575 988 2618 Ex
1023 2582 1191 2633 utraque
1223 2583 1356 2620 autem
1389 2577 1562 2620 lectione
1593 2576 1780 2633 copulata

275 2649 488 2705 apparebit
521 2650 681 2693 dedisse
718 2651 1018 2707 Theognidem:

512 2734 686 2771 κεῖσθαι
720 2730 885 2786 πολλὴν
918 2739 1018 2785 γῆν
1051 2736 1490 2785 ἐπιεσσάμενον.

274 2799 338 2843 Cf.
375 2802 681 2846 Simonidis
713 2805 781 2847 Cei
810 2807 951 2861 fragm.
982 2807 1062 2847 168
1088 2820 1143 2849 vs.
1169 2807 1195 2847 4
1219 2806 1338 2861 (ng.
1361 2805 1423 2848 ed.
1448 2804 1554 2861 III):
1590 2809 1774 2865 Πιερίην

275 2886 376 2933 γῆν
422 2883 819 2939 ἐπιεσσαμένη.
885 2882 1005 2926 Hom.
1056 2883 1099 2926 [l.
1145 2885 1186 2930 Ξ
1223 2885 1331 2926 350:
1377 2888 1469 2927 ἐπὶ
1505 2885 1549 2928 δὲ
1587 2884 1769 2942 νεφέλην

277 2954 511 3001 {ocavto
547 2959 682 3013 καλὴν
721 2963 934 3017 χρυσείην.
1002 2959 1118 3002 Adde
1151 2959 1227 3002 Od.
1261 2980 1298 3005 υ.
1336 2960 1431 3003 143.
