1890 3294
223 229 268 264 ιν
914 244 957 248 ψ
982 243 1040 248 -—-

224 346 411 405 Bequio
452 347 500 391 in
543 347 731 393 editione
764 348 912 393 tertia.
977 346 1190 392 Indidem
1217 346 1294 391 sed
1318 346 1460 405 maqis
1492 359 1515 391 e
1548 338 1730 391 lectione

218 442 358 499 facite
399 443 596 501 cottiyas,
639 425 874 487 nonnullos
907 443 1017 491 locos
1045 447 1138 487 tam
1168 441 1368 499 qraviter
1404 455 1491 487 esse
1526 441 1726 501 affectos,

222 542 271 580 ut
309 538 438 581 certis
475 537 851 581 emendationibus
888 537 1050 595 corriyi
1084 550 1172 581 non
1203 537 1391 595 possint,
1418 537 1542 594 lonqe
1578 539 1727 582 autem

218 630 452 688 pauciores
487 631 553 674 ita
594 631 798 688 pessime,
831 634 881 674 ut
918 643 1102 674 manum
1131 644 1313 688 prorsus
1345 629 1564 675 abstinere
1596 643 1728 688 prae·

222 728 318 768 stet.
365 722 421 767 In
461 724 612 781 priore
649 738 749 768 vere
779 738 956 782 9enere,
993 724 1225 769 dummodo
1261 739 1347 769 non
1381 724 1588 769 ludamus
1607 737 1728 769 vana

221 823 385 862 nosmet
423 818 536 875 ipsos
569 818 795 876 opinione,
834 819 964 878 quasi
1000 819 1146 877 ipsam
1181 823 1338 876 poetae
1377 831 1561 862 manum
1602 817 1730 863 resti-

226 915 347 955 tuere
377 912 499 955 nobis
530 912 780 969 contigerit,
807 912 925 956 nihii
954 926 1031 958 nos
1064 917 1182 957 vetat
1204 934 1262 944 --
1284 912 1416 957 immo
1450 926 1519 957 me
1549 912 1728 972 quidem
1770 966 1778 973 ‚

223 1004 369 1048 iudice
390 1019 442 1048 ea
467 1019 534 1049 res
556 1006 616 1049 ad
640 1006 896 1050 interiorem
921 1011 1076 1063 poetae
1097 995 1382 1064 coynitionem
1404 1006 1569 1063 confert
1590 1019 1727 1066 quam

218 1099 469 1157 plurimum
503 1127 557 1134 —
590 1100 763 1145 intenta
796 1099 953 1145 mentis
986 1101 1079 1146 acie
1101 1101 1392 1160 investiqare,
1416 1101 1527 1161 quid
1545 1101 1726 1160 permit·

224 1199 339 1239 tente
372 1199 464 1238 tam
499 1195 718 1239 sententia
750 1209 887 1254 quam
920 1209 1005 1239 usu
1039 1195 1260 1240 scribendi
1297 1201 1338 1241 et
1370 1196 1609 1240 literarum
1638 1208 1727 1240 ves—

226 1288 344 1345 tiyiis
375 1287 484 1331 dare
515 1288 619 1331 olim
649 1287 853 1346 potuerit.
890 1287 966 1332 Ita
1004 1289 1122 1333 verbi
1156 1289 1308 1346 =qratia
1342 1288 1535 1334 tractavi
1555 1302 1614 1334 vs.
1639 1286 1727 1334 926

225 1381 438 1425 vocabula
485 1383 752 1440 δουλοσύνην
785 1408 843 1417 -
875 1385 1099 1437 τελέοις
1141 1385 1280 1444 (quod
1309 1385 1482 1441 frustra
1518 1383 1729 1442 defendas

229 1476 319 1519 loco
354 1475 588 1526 HesiodeO,
629 1475 783 1533 Theoy.
808 1474 915 1530 797)
943 1491 1046 1534 paq.
1079 1475 1130 1522 61
1169 1478 1237 1535 (cf.
1265 1476 1343 1531 36)
1364 1483 1461 1535 post
1480 1478 1613 1523 varia
1635 1483 1728 1524 ten-

223 1567 396 1611 tamina
425 1581 672 1626 proponens
715 1570 823 1615 τιν’
851 1573 1025 1629 ἔχοις,
1073 1572 1212 1631 quod,
1256 1571 1295 1615 si
1335 1586 1424 1617 non
1455 1577 1518 1617 est
1548 1585 1724 1625 verum,

221 1666 416 1706 attamen
475 1662 790 1720 probabilitate
843 1678 929 1709 non
988 1670 1132 1719 caret,
1193 1666 1358 1724 quippe
1404 1675 1489 1725 'quo
1536 1666 1727 1714 admisso

220 1754 356 1798 simut
375 1755 552 1819 molesto
580 1756 708 1800 verbo
734 1756 984 1811 liberemur,
1006 1758 1142 1802 simut
1163 1772 1185 1803 e
1208 1759 1470 1816 pronomine
1498 1758 1728 1817 indefinito

222 1854 442 1906 appareat
483 1863 571 1893 non
612 1851 795 1908 proprio
826 1850 889 1895 ibi
927 1852 1004 1896 sed
1034 1852 1226 1911 fiqurato
1262 1866 1392 1898 sensu
1425 1853 1728 1912 accipiendam

225 1957 312 1987 esse
349 1943 619 1987 servitutem.

282 2036 478 2094 Beniqne
520 2040 668 2079 autem
699 2035 940 2106 Theoqnidi
970 2036 1173 2082 Fortuna
1196 2039 1418 2096 providit,
1450 2044 1502 2084 ut
1534 2040 1583 2084 in
1612 2040 1728 2085 mul-

223 2130 278 2173 tis
315 2129 417 2173 locis
459 2129 716 2187 depravatis
755 2130 820 2173 ita
858 2135 1005 2174 tamen
1049 2131 1101 2175 de
1139 2133 1360 2177 sententia
1392 2139 1632 2188 constaret,
1674 2139 1725 2180 ut

221 2236 308 2266 non
340 2237 466 2274 raro,
504 2223 639 2282 idque
676 2223 903 2267 interdum
938 2223 1183 2281 pereaeiyua
1208 2226 1478 2277 mutatione,
1501 2226 1601 2285 ipsa
1620 2240 1727 2285 poe-

224 2321 294 2359 tae
333 2330 492 2363 manus
529 2317 680 2360 reduci
718 2321 871 2374 posset.
936 2315 1041 2360 Post
1080 2318 1246 2361 multas
1285 2318 1478 2362 aliorum
1518 2332 1651 2363 curas
1685 2324 1726 2365 et

221 2408 334 2452 milei
370 2409 575 2452 nonnihit
614 2410 660 2453 in
698 2410 776 2454 hoc
804 2424 960 2467 yenere
998 2411 1217 2466 aqendum
1251 2413 1500 2470 superabat.
1562 2411 1728 2458 Ceteris

223 2501 268 2545 in
319 2502 441 2553 locis,
491 2517 679 2561 quorum
723 2504 870 2547 minus
911 2508 1031 2547 certa
1070 2505 1289 2548 restitutio
1331 2510 1451 2557 erat,
1489 2505 1574 2563 [eci
1610 2505 1728 2566 quod

222 2596 348 2653 potui
392 2597 561 2647 sedulo,
610 2611 687 2642 nec
728 2599 814 2642 tevi
859 2623 906 2630 -
938 2597 1015 2642 hoc
1047 2611 1184 2642 mmm
1221 2599 1409 2657 spondeo
1449 2625 1501 2634 -
1531 2599 1724 2644 constitit

223 2702 275 2731 ea
312 2689 423 2733 mihi
450 2705 583 2747 opera
615 2692 772 2735 mentis
802 2692 963 2736 labore.
1028 2691 1123 2735 Non
1156 2707 1261 2737 raro
1295 2692 1413 2738 Davi
1444 2693 1595 2737 comici
1625 2706 1720 2738 ver-

226 2783 288 2825 bis
321 2784 382 2827 sic
419 2798 610 2829 mecum:

403 2878 603 2936 deceptus
632 2894 754 2932 sum,
788 2885 833 2923 at
869 2893 956 2923 non
988 2879 1248 2937 defetiyatus
1289 2904 1337 2911 —

402 2969 479 3014 ltoc
511 2985 596 3016 non
627 2975 844 3027 successit,
883 2973 978 3018 alia
1011 2974 1267 3018 tentandum
1301 2978 1361 3018 est
1395 2973 1493 3025 via,
