1890 3294
1011 239 1065 281 20

294 370 386 426 δὴν
420 371 643 420 καταθείς.
684 367 762 423 (Cf.
795 367 976 423 Theogn.
1001 367 1083 409 595
1119 370 1162 409 et
1195 367 1332 418 1243,
1365 364 1446 410 Sol.
1479 366 1528 408 fr.
1563 363 1698 418 XIII,
1732 365 1786 406 16

292 461 359 502 ap.
396 444 499 501 ng.
533 444 595 487 ed.
630 444 716 500 III)
759 444 866 486 Satis
898 444 1004 486 enim
1039 447 1197 486 constat
1228 458 1277 485 ex
1310 441 1647 499 inscriptionibus
1679 439 1790 483 codi-

292 523 485 580 cibusque
524 523 696 565 vetustis
730 523 850 565 moris
880 523 1004 565 fuisse
1036 522 1227 574 Graecis,
1262 525 1307 564 ut
1339 535 1417 563 non
1459 524 1646 572 tantum,
1679 517 1788 575 quod

292 600 410 642 hodie
441 600 634 653 facimus,
660 601 701 643 in
725 600 1018 656 compositione
1033 634 1043 652 ,
1077 599 1145 642 sed
1169 599 1291 642 etiam
1315 602 1428 640 extra
1451 595 1787 653 compositionem

290 693 364 734 pro
397 678 510 720 litera
543 682 615 729 N,
647 683 839 734 sequente
867 684 911 722 K
940 681 985 721 Γ
1015 681 1084 719 aut
1115 684 1184 728 X,
1217 675 1460 719 scriberetur
1480 678 1538 719 Γ.
1570 672 1790 716 Neminem

288 754 416 811 igitur
456 754 622 811 posthac
663 759 866 810 repertum
908 754 958 795 iri
1002 752 1199 804 arbitror,
1237 752 1334 809 quin
1367 752 1474 794 hanc
1503 750 1622 793 unice
1653 763 1790 792 veram

288 832 523 889 scripturam
557 847 643 874 esse
683 832 910 887 intellegat.
974 830 1082 872 Leve
1121 835 1253 873 tamen
1288 829 1434 871 vitium
1465 828 1634 871 fortasse
1664 826 1790 870 corri-

285 908 462 965 gendum
499 912 680 965 superest
711 908 753 950 in
787 923 904 949 versu
936 906 1149 963 sequenti:
1182 921 1304 957 nam,
1333 910 1379 948 ut
1411 905 1512 948 bene
1548 905 1790 948 cohaereant

287 1000 366 1027 vss.
402 987 483 1029 277
520 1001 579 1043 sq.
614 1001 706 1028 cum
739 1000 815 1028 vss.
851 985 934 1027 278
970 999 1028 1040 sq.
1056 985 1117 1040 l),
1162 988 1293 1026 totum
1326 983 1457 1025 locum
1487 983 1531 1024 in
1562 982 1672 1025 hunc
1702 995 1788 1024 mo-

288 1063 382 1106 dum
417 1063 612 1120 scriptum
648 1063 809 1106 malim:

346 1147 431 1187 τῶν
465 1148 642 1187 πάντων
677 1143 722 1186 δὲ
757 1147 932 1193 κάκιςον
969 1143 1014 1185 ἐν
1045 1142 1301 1196 ἀνθρώποις
1322 1171 1332 1190 ,
1367 1144 1568 1183 θανάτου
1600 1156 1645 1181 τε

347 1225 419 1264 καὶ
457 1221 626 1264 πασέων
662 1223 823 1263 νούσων
859 1222 946 1262 ἐστι
980 1222 1299 1273 πονηρότερον,

347 1298 509 1347 παῖδας
544 1300 634 1340 ἐπεὶ
674 1297 861 1352 θρέψαιο
895 1298 966 1338 καὶ
1000 1299 1165 1350 ἄρμενα
1199 1299 1344 1337 πάντα
1378 1297 1638 1349 παράσχοις,

349 1382 578 1434 χρήματα
613 1374 706 1430 δὴν
741 1375 1025 1424 καταθείς,
1062 1371 1181 1415 πόλλ’
1212 1374 1370 1428 οἰνιηρὰ
1403 1373 1593 1415 παθών.

347 1456 420 1497 τὸν
454 1449 603 1508 πατέρ’
638 1455 683 1495 εἴ
716 1452 990 1509 ’χθαίρουσι,
1026 1452 1300 1506 καταρῶνται
1336 1447 1378 1510 δ”
1408 1446 1680 1498 ἀπολέσθαι,

347 1533 420 1573 καὶ
454 1529 647 1583 ςυγέουσ’
678 1529 817 1584 ὥσπερ
851 1530 1021 1585 πτωχὸν
1057 1529 1351 1584 ἐπερχόμενον.

346 1605 465 1658 Quod
496 1605 545 1647 ad
579 1610 615 1649 εἰ
646 1605 887 1663 ’χθαίρουσι
921 1617 992 1659 pro
1025 1606 1279 1660 ἐχθαίρουσι
1314 1600 1479 1652 attinet,
1510 1603 1593 1642 tam
1615 1599 1701 1642 leve
1722 1602 1784 1646 est

287 1682 487 1725 scribendi
520 1682 736 1724 discrimen
769 1695 958 1736 errorque
988 1680 1087 1722 adeo
1109 1678 1321 1736 proclivis,
1357 1682 1403 1719 ut
1424 1677 1550 1719 nolim
1571 1689 1787 1733 provocare

286 1759 336 1802 ad
375 1759 520 1802 veteris
554 1760 788 1802 literaturae
831 1773 1006 1810 morem,
1044 1773 1124 1814 quo
1157 1756 1266 1799 haud
1299 1771 1387 1798 raro
1422 1754 1702 1811 diphthongus
1731 1761 1790 1800 ΕΙ

286 1836 533 1879 scribebatur
574 1852 645 1893 per
675 1849 715 1885 Ε.
770 1836 924 1878 Dubito
963 1840 1098 1877 tamen
1142 1849 1192 1876 an
1236 1833 1402 1875 omnino
1433 1835 1543 1874 recte
1574 1830 1711 1887 Bergk
1743 1845 1784 1887 p.

290 1915 400 1956 1362
435 1914 544 1956 hunc
575 1926 691 1954 usum
724 1926 771 1954 eo
803 1910 1076 1962 restrinxerit,
1102 1914 1148 1952 ut
1180 1907 1388 1965 perhibeat
1413 1935 1434 1960 ,Ι
1446 1907 1522 1949 Ubi
1555 1906 1578 1949 I
1603 1906 1785 1949 nativum

289 1996 356 2044 net
396 1990 680 2047 primigenium
725 1989 800 2041 sit,
847 1988 914 2031 ubi
958 1987 1209 2043 dipthongus
1245 2000 1293 2027 ex
1325 1984 1480 2027 duabus
1513 1982 1785 2040 peculiaribus

290 2068 523 2121 ,vocalibus
555 2066 769 2118 coaluerit,
815 2065 940 2107 etiam
973 2070 1126 2107 veteres
1157 2067 1202 2105 ut
1234 2077 1303 2119 par
1335 2061 1389 2104 sit
1420 2069 1491 2107 EI
1518 2059 1690 2103 scribere
1721 2074 1784 2102 so-

290 2144 412 2197 ,slitos
445 2160 553 2198 esse,
591 2144 702 2187 velut
731 2143 1071 2201 μεγαλοσθένει,
1107 2146 1341 2196 ἑκτορειος,
1380 2138 1546 2184 δοκεῖ’·

346 2222 478 2275 Quam
510 2237 593 2264 rem
627 2227 671 2263 ut
705 2221 940 2277 plerumque
972 2218 1173 2261 observari
1205 2218 1247 2260 in
1281 2216 1413 2259 titulis
1445 2216 1531 2258 viro
1554 2214 1784 2258 acutissimo

287 2313 334 2340 eo
365 2299 524 2341 facilius
557 2298 754 2350 concede,
787 2297 895 2354 quod
929 2296 1026 2339 mihi
1059 2296 1153 2338 olim
1187 2294 1456 2351 perscrutanti
1489 2306 1635 2349 corpus
1659 2290 1786 2334 Grae·
1847 2337 1849 2339 ,

288 2389 424 2417 carum
447 2374 756 2431 inscriptionum
790 2373 898 2415 idem
933 2377 1181 2428 compertum
1214 2376 1298 2423 est,
1332 2371 1390 2413 ita
1411 2383 1607 2426 nusquam
1635 2367 1687 2411 ab
1710 2367 1785 2412 hac

288 2451 487 2494 scribendi
525 2466 663 2494 norma
707 2451 897 2506 antiquos
939 2450 1114 2492 Graecos
1156 2448 1374 2491 descivisse
1418 2461 1555 2490 verum
1587 2461 1668 2488 non
1699 2460 1785 2488 esse

288 2528 424 2584 arguit
456 2543 491 2571 V.
526 2544 557 2571 c.
591 2529 738 2571 titulus
772 2529 821 2570 71
858 2543 923 2584 ap.
956 2526 1205 2578 Bockhium,
1237 2530 1426 2568 exaratus
1448 2524 1554 2566 inter
1575 2522 1643 2566 Ol.
1666 2524 1723 2566 82
1743 2526 1785 2565 et

290 2607 368 2656 83,
392 2606 434 2647 in
467 2620 547 2661 quo
570 2606 765 2661 scriptum
794 2603 948 2661 repperi
972 2607 1262 2649 ΤΑΜΙΕΟΝ
1282 2617 1354 2659 pro
1376 2620 1587 2658 ταμιειον.
1621 2599 1683 2644 Cf.
1706 2598 1783 2642 N⁰.

292 2685 343 2725 76
382 2682 462 2737 (Ol.
498 2683 565 2726 90.
591 2685 634 2738 2)
659 2702 874 2740 πρυτανες
907 2695 979 2738 pro
1001 2700 1257 2739 πρυτανεις,
1280 2680 1321 2723 in
1354 2678 1503 2735 quibus
1534 2681 1641 2720 οὓτω
1672 2691 1788 2720 voca·

337 2885 367 2922 l)
394 2885 463 2917 Non
490 2885 646 2917 haererem
672 2885 702 2916 in
728 2884 819 2917 huius
847 2884 903 2916 loci
927 2885 1085 2915 structura
1104 2885 1160 2922 (—
1175 2882 1251 2915 lou
1273 2878 1785 2926 machaon—egedo„-

290 2952 376 2985 σιν),
406 2948 429 2978 si
462 2948 493 2979 in
530 2949 647 2989 protasi
683 2946 820 2979 additum
855 2947 934 2978 soret
959 2943 1061 2978 τόδε.
1111 2945 1319 2978 Nihilominus
1347 2945 1383 2978 εἰ
1410 2940 1629 2989 ’χθαίρουσο
1659 2952 1786 2986 prorsus

293 3009 496 3041 necessarium
525 3018 588 3040 esse
617 3018 675 3039 non
705 3007 868 3040 contendo.
