1890 3294
997 238 1050 279 18

330 364 425 408 Sine
456 380 596 408 caussa
628 364 678 408 de
710 365 811 407 vitio
843 368 1028 422 suspecta
1060 368 1124 407 est
1153 379 1199 407 ac
1227 368 1412 408 tentatur
1442 379 1501 408 vs,
1535 365 1644 410 267:

446 449 585 498 γνωτή
618 461 683 487 τοι
715 445 842 500 πενίη
872 462 918 497 γε
952 446 1025 486 καὶ
1059 442 1266 500 ἀλλοτρίη
1300 462 1378 500 περ
1412 446 1566 497 ἐοῦσα,

267 520 295 563 i.
328 535 361 563 e.
394 521 497 563 noeti
520 535 620 563 sane
649 520 746 578 quid
765 520 814 562 eit
830 527 1081 577 paupertas,
1105 520 1196 562 licet
1217 519 1355 562 aliena
1375 519 1445 572 ait,
1470 520 1496 562 i.
1514 535 1550 564 e.
1570 519 1662 563 lieet
1677 519 1766 579 ipae

261 612 429 655 pauper
457 613 538 640 non
558 598 621 641 sis.
657 596 812 650 Verba,
844 597 887 640 ni
908 597 1037 650 fallor,
1071 598 1169 640 satis
1190 598 1420 655 perspicua,
1442 597 1590 656 quibus
1609 597 1766 655 optimo

266 673 584 717 introducuntur
616 674 844 730 sequentia:

446 755 542 796 οὔτε
576 756 658 807 γὰρ
691 739 749 803 εἷς
782 754 943 810 ἀγορὴν
974 754 1143 810 ἔρχεται
1172 755 1268 796 οὔτε
1306 753 1446 803 δίκας·

443 834 586 886 πάντῃ
620 832 700 884 γὰρ
735 829 972 873 τοῦλασσον
1005 831 1092 886 ἔχει
1129 833 1220 872 κτὲ.

323 903 406 946 Ubi
438 919 557 946 nemo
591 904 742 947 Graece
775 905 931 961 peritus
955 901 1144 947 *haerebit
1175 905 1218 947 in
1251 904 1384 961 priore
1425 903 1622 960 particula
1654 909 1759 960 γάρ,

262 994 366 1035 quae
397 979 521 1022 ordiri
554 980 658 1022 solet
690 981 934 1024 sententiam
964 981 1008 1023 in
1041 981 1286 1038 praegressis
1317 980 1622 1024 adnuntiatam.

320 1057 472 1100 Lenius
515 1072 636 1114 quam
679 1058 888 1116 hucusque
920 1059 1074 1101 factum
1105 1073 1191 1100 esse
1223 1057 1340 1100 video
1373 1056 1579 1100 emendari
1610 1056 1764 1114 poterit

263 1149 323 1177 vs,
361 1135 477 1177 288:

443 1215 489 1257 ἐν
521 1218 599 1268 γάρ
630 1231 695 1256 τοι
726 1212 847 1256 πόλει
885 1209 968 1256 ὧδε
1010 1218 1245 1270 κακοψόγῳ
1276 1213 1459 1258 ἁνδάνει
1489 1211 1631 1257 οὐδέν·

439 1289 893 1333 ωσδετοσωσαιει
925 1290 1080 1334 πολλοὶ
1114 1290 1408 1348 α’νολβότεροι.

320 1366 634 1423 Repraesentavi
662 1365 876 1409 lectionem
909 1366 1059 1409 codicis
1092 1365 1338 1409 Mutinensis
1362 1381 1410 1407 ex
1433 1379 1520 1408 mea
1542 1363 1760 1409 collatione

259 1442 555 1497 (Bekkeriana,
590 1459 669 1499 qua
701 1449 741 1486 et
771 1443 904 1500 Bergk
938 1443 1070 1486 utitur
1101 1448 1141 1486 et
1172 1442 1323 1486 Christ.
1356 1441 1513 1498 Ziegler
1549 1441 1591 1484 in
1623 1441 1760 1485 novis-

262 1520 364 1562 sima
397 1521 595 1574 editione,
634 1521 846 1577 Tubingae
882 1522 1013 1574 1863,
1048 1521 1172 1563 habet
1202 1523 1557 1568 ώσδετοσωσαιιὶ,
1601 1533 1645 1561 ea
1680 1533 1762 1575 qua

259 1611 334 1639 van
362 1596 431 1639 der
461 1598 554 1654 Mey
586 1598 718 1640 utitur
748 1600 1037 1643 ωσδετοσωσαι
1063 1601 1138 1652 εἰ),
1162 1597 1268 1640 unde
1291 1597 1517 1640 mutatione
1539 1594 1758 1652 perexigua

257 1674 469 1731 exsculpo:

435 1756 485 1803 ἐς
517 1753 574 1796 δὲ
614 1756 670 1796 τὸ
705 1751 822 1796 σῶσ’
856 1756 968 1796 αἰεὶ
1003 1751 1158 1796 πολλοὶ
1187 1753 1482 1810 ἀνολβότεροι.

257 1888 296 1925 3,
324 1888 350 1918 1.
380 1887 430 1924 11,
467 1887 496 1918 2.
525 1887 576 1918 14.
602 1886 663 1925 28,
692 1887 721 1918 1.
747 1886 800 1924 79,
825 1886 856 1918 2.
882 1886 940 1924 85,
970 1888 998 1919 l.
1026 1886 1111 1924 101,
1136 1887 1153 1918 1
1181 1890 1212 1918 et
1229 1888 1265 1933 ·2.
1295 1887 1372 1923 104,
1400 1886 1416 1917 1
1439 1890 1470 1916 et
1495 1885 1534 1923 2;
1563 1885 1757 1919 Memnonis

256 1946 295 1983 fr.
322 1950 381 1988 30;
409 1949 544 1981 Erinnae
569 1948 606 1980 fr.
625 1949 643 1979 6
657 1973 664 1986 ,
690 1948 724 1986 3;
750 1948 916 1980 Simonidis
933 1947 987 1979 Cei
1005 1948 1040 1980 sr.
1067 1950 1098 1986 4,
1116 1948 1147 1980 2.
1166 1949 1203 1986 5,
1220 1949 1251 1983 7.
1271 1949 1329 1986 12,
1349 1949 1380 1981 3.
1397 1948 1437 1980 31
1450 1974 1457 1986 ,
1477 1949 1507 1981 3.
1523 1947 1583 1986 40,
1602 1947 1709 1989 3.70,
1726 1948 1755 1981 l.

255 2011 450 2053 Bacchylidis
475 2012 511 2043 l'r.
536 2012 570 2048 1,
599 2012 614 2042 1
638 2015 669 2042 et
687 2011 736 2043 25.
765 2009 919 2042 Pindarus
944 2020 1063 2052 quoque
1089 2010 1200 2051 ubique
1217 2011 1351 2042 vocalem
1376 2010 1407 2042 in
1433 2021 1468 2042 ea
1494 2020 1566 2042 voce
1588 2010 1756 2045 contraxit.

255 2075 373 2106 Contra
410 2076 500 2108 Iones
525 2079 587 2106 tam
623 2074 700 2115 epici
725 2083 817 2115 qnam
843 2072 1057 2114 iambographi
1093 2077 1274 2104 constanter
1309 2073 1494 2115 producunt.
1543 2073 1591 2105 De
1619 2072 1757 2105 Homero

255 2136 479 2177 (Heaiodoqne)
506 2146 554 2167 res
577 2136 720 2167 omnious
738 2139 826 2167 nota:
846 2137 985 2166 tironum
1002 2135 1032 2166 in
1051 2135 1182 2174 gratiam
1203 2135 1327 2167 afferam
1352 2134 1645 2177 iambographorum
1663 2134 1753 2167 loom.

254 2198 331 2229 Vide
347 2199 443 2239 igitur
461 2198 637 2231 Archilochi
663 2198 700 2230 fr.
727 2198 768 2236 6,
793 2199 823 2230 4.
851 2198 911 2233 13,
941 2198 967 2228 l.
995 2197 1052 2234 21,
1081 2196 1112 2228 3.
1136 2198 1197 2235 29,
1219 2198 1247 2228 2.
1275 2198 1328 2231 77.
1351 2199 1385 2236 1;
1410 2197 1575 2230 Simonidie
1592 2196 1755 2240 Amorgini

253 2259 283 2293 7.
309 2260 348 2291 51
375 2264 406 2291 et
431 2260 482 2295 87.
534 2260 600 2292 Hoc
627 2270 746 2301 quoque
774 2259 888 2291 indicio
914 2260 1022 2291 vitium
1045 2259 1255 2300 deprehendas
1280 2260 1311 2292 in
1338 2260 1483 2292 Ananii
1517 2259 1612 2302 (apud
1641 2258 1754 2292 Athen.

253 2321 334 2360 vll,
360 2332 388 2363 p.
413 2323 476 2354 282
503 2323 546 2362 B)
571 2322 725 2364 reliqniis,
754 2322 804 2353 ubi
829 2332 898 2354 cum
927 2322 1061 2362 Bergkio
1085 2322 1215 2353 coniicio
1240 2333 1283 2355 va.
1310 2322 1328 2354 2
1353 2324 1395 2354 sic
1415 2321 1609 2355 scribendum
1634 2331 1718 2355 essex

608 2384 679 2417 ro‘w
705 2383 843 2428 θέρει
869 2384 987 2418 καλῶν
1013 2381 1049 2416 δ’
1081 2383 1231 2430 ἄριστον
1262 2384 1336 2418 κτὲ.

297 2448 409 2479 Poetae
440 2449 564 2487 elegiaci
591 2450 771 2490 plerumque
798 2449 930 2480 vocalem
965 2447 1002 2479 ad
1037 2450 1192 2489 epicorum
1219 2450 1393 2490 exemplum
1428 2447 1622 2490 producunt,
1649 2447 1751 2495 paullo

249 2511 349 2541 rarius
365 2510 548 2551 corripiunt.
575 2510 749 2542 Productac
776 2510 888 2542 vocalia
907 2510 986 2553 apud
1012 2510 1155 2542 Solonem
1176 2511 1315 2552 exempla
1332 2515 1407 2542 sunt
1432 2510 1469 2543 fr.
1495 2511 1557 2548 12,
1581 2509 1623 2542 28
1639 2513 1671 2543 et
1686 2509 1747 2549 40.

249 2575 410 2612 correptae
436 2571 548 2604 ibidem
578 2583 620 2605 vs.
645 2574 708 2611 21·,
735 2573 888 2615 Tyrtaeua
917 2573 1052 2604 vocalem
1083 2571 1227 2614 produxit
1253 2572 1290 2604 sr.
1315 2574 1351 2610 4,
1378 2571 1416 2611 7,
1443 2573 1479 2605 l'r.
1507 2571 1563 2611 10,
1587 2572 1604 2604 1
1631 2576 1662 2603 et
1689 2571 1749 2610 80,

249 2638 410 2675 correptae
434 2644 494 2665 non
524 2639 595 2665 snut
621 2636 651 2666 iu
680 2635 743 2667 eius
774 2635 910 2677 reliquiis
934 2635 1082 2676 exempla.
1129 2634 1217 2676 Apud
1252 2634 1472 2667 Mimnermum
1499 2633 1622 2666 unicum
1649 2635 1749 2666 exst-t

248 2695 416 2736 productae
448 2697 619 2737 exemplum
656 2698 694 2730 fr.
732 2698 793 2736 ll,
828 2698 864 2737 4,
899 2702 1059 2739 correptae
1091 2696 1222 2728 nullum.
1271 2697 1306 2728 ln
1331 2695 1534 2738 Theognideie
1567 2694 1748 2739 producitur

249 2757 361 2789 vocalis
387 2768 430 2790 vs.
460 2759 515 2797 16,
540 2759 621 2795 242,
653 2759 736 2795 609,
762 2758 843 2795 683,
867 2758 965 2795 1019,
998 2758 1101 2795 1216,
1130 2757 1233 2795 1336,
1263 2757 1367 2795 1350.
1394 2756 1488 2794 1377;
1512 2756 1680 2799 corripitur
1705 2755 1747 2791 17

249 2819 308 2856 bia,
341 2820 423 2857 282,
452 2821 532 2857 652,
564 2821 645 2854 696.
675 2821 758 2857 991,
788 2820 894 2857 1259,
921 2820 1023 2857 1280,
1053 2820 1156 2858 1282,
1188 2819 1271 2852 1329
1297 2818 1361 2860 (sed
1386 2818 1499 2850 rectina
1523 2818 1565 2850 ibi
1585 2819 1746 2852 Hermann
1803 2833 1806 2837 ·

246 2884 301 2915 aot
326 2895 367 2915 τε
394 2882 539 2916 διδοῦν’
563 2882 618 2916 ἔτι
647 2883 771 2921 aalma)
800 2883 883 2914 1360
909 2882 966 2915 bia.
994 2882 1037 2913 Ex
1060 2882 1170 2914 horum
1198 2891 1326 2914 numero
1354 2880 1482 2913 sortasse
1504 2881 1683 2915 eximendus
1701 2891 1746 2916 ve.

245 2943 327 2982 696,
354 2946 404 2977 nbi
429 2953 580 2989 expuncta
607 2948 714 2978 vocula
739 2946 783 2979 δέ
812 2956 907 2987 paene
933 2944 1055 2977 malim:

560 3009 733 3043 τέτλαθι·
759 3008 829 3042 τῶν
857 3007 977 3041 naun
1006 3006 1085 3040 οὔτι
1110 3006 1155 3039 σὺ
1179 3009 1314 3047 μοῦνος
1335 3008 1427 3054 ἒρᾶς.
