1890 3294
986 237 1042 279 40

333 354 646 400 Distinctionem
679 363 773 415 post
804 362 981 406 τέταται
1015 367 1120 405 recte
1154 362 1259 406 delet
1289 363 1444 421 Bergk,
1475 365 1670 411 scribens:

389 437 523 492 ὄρφνη
555 440 636 493 γάρ
671 438 847 482 τέταται
881 443 981 496 πρὸ
1015 440 1211 492 τέλους
1242 441 1475 497 μέλλοντος
1502 445 1697 498 ἔσεσθαι,

390 512 484 555 κού
516 513 673 563 ξυνετά
708 519 793 558 κτὲ.

331 586 407 628 Sed
437 587 501 630 vix
544 588 729 645 cuiquam
768 590 981 648 probabit,
1002 607 1143 636 suum:
1182 596 1343 648 τέλος
1373 597 1529 653 μέλλον
1573 601 1761 644 ἔσεσθαι.

271 663 331 706 Ut
363 663 465 707 nihil
501 665 628 709 dicam
671 666 718 709 de
761 667 951 711 dictionis
994 669 1233 720 insolentia,
1278 672 1498 728 requiritur
1527 672 1612 716 sola
1628 673 1764 732 fiazm'

270 741 436 783 mentio.
485 741 740 798 Scripserim:

329 821 463 875 ὄρφνη
496 823 576 876 γάρ
607 821 782 865 τέταται
817 827 952 879 πρὸς
984 825 1032 879 (s,
1056 827 1173 881 ποτὶ)
1209 833 1279 872 τοῦ
1300 828 1534 884 μέλλοντος
1561 831 1761 884 ἔσεσθαι,

330 898 404 939 κου
437 897 594 947 ξυνετά
623 901 712 941 κτὲ.

332 970 391 1012 De
424 971 499 1014 hoc
531 987 606 1014 usu
638 973 950 1031 praepositionis
984 972 1171 1021 vvideatur
1203 980 1399 1024 Matthiae
1429 981 1503 1025 Gr.
1531 981 1759 1040 Gr.§590.

331 1047 403 1091 Vis
444 1049 555 1092 illata
599 1055 662 1092 est
704 1050 1000 1096 Grammaticae
1043 1055 1218 1099 Graecae
1263 1057 1390 1114 magis
1435 1057 1486 1101 ab
1533 1058 1760 1103 editoribus

269 1140 387 1181 quam
420 1141 443 1168 a
476 1126 651 1170 librariis
685 1143 740 1171 vs.
777 1130 915 1182 1088,
952 1130 1019 1174 ubi
1050 1132 1248 1176 edendum
1279 1134 1429 1179 fuerat:

566 1209 701 1251 ναίετ’
735 1205 802 1251 ἐπ’
839 1210 993 1266 Εὐρώ
1010 1228 1073 1266 τᾳ
1107 1211 1318 1269 καλλιρόῳ
1346 1218 1539 1270 ποταμῷ,

270 1295 352 1323 non
383 1285 588 1339 Εὐρώτα,
623 1287 671 1325 ut
698 1283 842 1327 editur.
890 1284 951 1329 Cf.
979 1287 1101 1330 1209.
1134 1287 1496 1332 Animadversione
1529 1288 1759 1345 dignissimi

270 1363 365 1401 sunt
396 1359 475 1401 duo
508 1374 584 1402 VSS.
621 1367 834 1416 sequentes
865 1362 914 1404 ad
950 1363 1262 1419 pernoscendam
1290 1364 1536 1408 Graecorum
1557 1365 1757 1410 indolem:

415 1439 453 1480 εἴ
485 1455 587 1482 ποτε
621 1439 897 1496 βουλεϋσχιμι
926 1441 1036 1498 φίλῳ
1068 1449 1224 1494 κακόν,
1258 1444 1386 1493 αὐτὸς
1419 1445 1581 1502 ἔχοιμι·

418 1516 453 1556 εἷ
485 1514 529 1557 δὲ
564 1532 604 1557 τι
637 1522 776 1568 κεῖνος
808 1520 927 1573 ἐμοί,
971 1520 1060 1570 δὶς
1093 1526 1257 1565 τόσον
1290 1521 1417 1572 αὐτὸς
1444 1522 1543 1579 ἔχοι,

327 1587 552 1644 Speciosior
584 1595 749 1647 propter
779 1591 988 1638 literarum
1013 1595 1320 1639 similitudinem
1357 1611 1474 1654 quam
1508 1597 1641 1640 verior
1659 1597 1759 1641 mihi

268 1663 428 1720 quidem
471 1665 632 1708 videtur
673 1667 930 1722 coniectura,
959 1685 1038 1727 qua
1065 1687 1139 1714 van
1173 1672 1242 1715 der
1274 1673 1369 1730 Mey
1412 1688 1453 1730 p.
1499 1675 1551 1717 51
1586 1674 1761 1717 tentavit

270 1755 345 1782 vss.
389 1741 495 1782 1097
527 1756 632 1798 sqq..-

387 1818 509 1875 ”qu
541 1823 612 1863 καὶ
643 1826 916 1878 πτερύγεσσιν
950 1826 1180 1881 ἐπαίρομαι
1213 1827 1292 1878 ὡςέ
1323 1833 1521 1873 πετεινόν

387 1900 431 1939 ἐκ
468 1896 669 1954 λίμνης
699 1899 908 1956 μεγάλης,
946 1903 1088 1958 ἄνδρα
1122 1908 1254 1948 κακόν
1289 1907 1549 1959 προφυγὼν,

387 1976 570 2030 βρόκχον
604 1976 872 2031 ἀπορρήξας·
908 1980 956 2020 σύ
987 1977 1024 2022 δ’
1055 1981 1151 2034 ἐμῆς
1176 1981 1408 2038 φιλότητος
1438 1985 1643 2038 ἁμαρτών

387 2051 534 2106 ὗςερον
568 2053 773 2108 ἡμετέρην
807 2057 949 2110 γνώσῃ
983 2058 1286 2112 ἐπιφροσύνην-

330 2124 457 2177 ,ΙΟαῐη
491 2141 569 2182 qua
602 2127 662 2169 avi
710 2127 820 2180 ''ait’'
854 2129 1058 2172 sententia
1087 2130 1267 2186 postulat
1303 2136 1345 2173 ut
1377 2136 1495 2188 poeta
1528 2146 1571 2175 se
1602 2145 1760 2189 compa—

268 2202 376 2243 ret?‘'
412 2203 676 2259 Respondeo,
710 2220 788 2247 non
825 2206 1031 2262 postulare
1064 2208 1331 2261 sententiam,
1365 2214 1412 2250 ut
1444 2224 1535 2253 cum
1569 2209 1760 2266 peculiari

269 2279 438 2334 quadam
487 2296 556 2323 ave
603 2297 644 2324 se
686 2289 912 2339 comparet,
963 2285 1057 2340 quia
1099 2285 1148 2327 ad
1191 2285 1470 2329 declarandam
1511 2285 1758 2329 celeritatem

267 2356 398 2399 avium
430 2357 469 2399 in
502 2373 647 2414 genere
680 2361 925 2417 comparatio
962 2358 1135 2410 sufficit,
1176 2363 1216 2405 id
1265 2363 1373 2420 quod
1418 2367 1459 2405 et
1498 2377 1561 2405 res
1601 2362 1688 2419 ipsa
1718 2367 1759 2406 et

267 2440 448 2475 sescenta
501 2435 603 2491 apud
662 2442 802 2493 poetas
848 2439 1030 2494 exempla
1078 2439 1367 2484 demonstrant.
1435 2439 1664 2494 „Nonne'”
1699 2439 1757 2483 ita

267 2510 398 2566 pergit
435 2511 494 2552 vir
527 2512 667 2554 doctus
701 2529 816 2566 neum
851 2530 896 2557 ea
928 2529 1029 2571 quae
1063 2521 1212 2559 ceteras
1244 2521 1406 2573 superet
1436 2516 1677 2560 velocitate?
1704 2541 1755 2549 -

269 2586 395 2639 „mihi
437 2588 593 2630 videtur
616 2594 733 2644 poeta
757 2591 929 2634 voluisse
953 2597 1150 2638 πετεινὸν
1174 2597 1219 2637 ἐκ
1242 2593 1455 2652 Λιβύης.”
1487 2595 1545 2636 At
1565 2591 1756 2636 struthio-

267 2664 462 2706 camelum
509 2670 670 2720 poetam
718 2682 797 2710 non
842 2669 1015 2711 voluisse
1059 2670 1144 2725 ipse
1186 2670 1334 2713 diserte
1377 2669 1581 2726 significat
1624 2668 1757 2713 verbis

267 2746 641 2797 πτερύγεσσιν
688 2748 1025 2802 ἐπαίρομαι,
1067 2746 1174 2802 quod
1217 2747 1257 2789 in
1300 2761 1438 2789 omnes
1479 2752 1633 2789 ceteras
1664 2761 1756 2790 aves

264 2816 470 2872 aliquanto
519 2818 660 2861 melius
708 2821 880 2875 quadrat
928 2837 1048 2879 quam
1092 2823 1133 2866 in
1170 2823 1568 2876 struthiocamelum,
1609 2823 1757 2880 quippe

267 2907 384 2947 quem
415 2909 554 2946 cursu,
585 2910 663 2938 non
704 2897 859 2949 vocatu,
891 2897 1052 2940 celerem
1087 2912 1171 2940 esse
1202 2899 1301 2941 satis
1334 2903 1506 2942 constet.
1550 2897 1641 2955 Ipse
1675 2898 1753 2941 iam

268 2968 369 3011 vidit
413 2971 509 3013 mire
543 2971 695 3015 dictum
722 2988 807 3016 esse
844 2979 989 3033 Λιβύη
1021 2977 1206 3033 μεγάλη,
1241 2975 1346 3032 quod
1379 2980 1511 3018 tamen
1545 2974 1751 3032 sequiore,
