1890 3294
308 371 380 415 Vs.
414 371 468 413 43
502 384 616 426 sqq.:

309 449 511 503 οὐδεμίαν
546 466 635 497 πω,
670 443 822 502 Κύρν’,
857 445 1019 497 ἀγαθοὶ
1050 441 1180 485 πόλιν
1213 439 1379 484 ὠλεσαν
1412 438 1582 495 ἄνδρες·

307 523 404 568 ἀλλ’
438 527 545 568 ὅταν
578 525 769 581 ὑβρίζειν
803 527 911 565 τοῖσι
946 524 1143 562 κακοῖσιν
1177 518 1278 574 ἅδῃ,

309 604 440 658 δῆμόν
474 619 517 645 τε
551 602 878 655 φθείρουσι,
916 597 1040 646 δίκας
1072 592 1111 638 τ’
1140 595 1329 638 ἀδίκοισι
1360 592 1624 636 διδοῦσιν

308 682 476 722 οἰκείων
512 677 694 733 κερδέων
735 677 879 719 εἵνεκα
913 676 984 716 καὶ
1013 676 1212 727 κράτεος,

309 755 436 798 ἔλπεο
467 759 522 810 μὴ
557 754 687 810 δηρὸν
722 755 869 807 κείνην
903 750 1031 794 πόλιν
1064 750 1363 804 ἀτρεμιεῖσθαι

307 829 405 888 μηδ’
441 835 478 874 εἰ
511 837 588 876 νῦν
623 835 812 874 κεῖται
847 827 987 883 πολλῇ
1021 829 1066 870 ἐν
1099 826 1251 881 ἡσυχίῃ
1284 826 1374 866 κτὲ.

307 907 463 951 Futuro
504 904 753 961 Theognidis
794 902 943 946 editori
983 905 1124 943 auctor
1155 914 1268 951 sum,
1301 891 1578 952 ut'virgulam
1612 892 1749 942 deleat

248 986 339 1038 post
369 984 470 1040 ἅδῃ,
505 997 584 1042 quo
618 980 760 1023 melius
785 979 1051 1034 intellegatur
1072 975 1266 1019 vocabula
1288 976 1514 1030 φθείρουσι
1539 976 1580 1013 et
1602 971 1747 1015 διδοῦ·

247 1077 316 1105 σιν
349 1074 430 1102 non
463 1074 549 1101 esse
578 1057 828 1100 Iudicativos
860 1055 931 1098 sed
961 1054 1208 1110 Participia,
1242 1065 1372 1107 neque
1405 1049 1535 1104 igitur
1567 1052 1748 1090 contem-

249 1135 422 1179 nendam
464 1150 549 1177 esse
591 1135 694 1177 hanc
740 1133 885 1190 optimi
918 1131 1067 1174 codicis
1101 1127 1349 1172 Mutinensis
1382 1125 1648 1182 scripturam,
1682 1122 1750 1165 cui

250 1213 354 1255 male
388 1227 450 1254 me
480 1211 615 1253 iudice
645 1211 815 1253 alteram
843 1213 1051 1266 φθείρωσι
1085 1232 1142 1239 -
1173 1208 1352 1251 διδῶσιν
1377 1201 1569 1260 praetulit
1592 1199 1749 1256 Bergk.

250 1289 372 1343 Quod
404 1293 541 1332 autem
572 1288 678 1330 idem
712 1302 802 1330 cum
832 1287 1015 1344 Epkema
1046 1301 1105 1329 vs.
1129 1285 1184 1326 48
1208 1295 1471 1326 numerorum
1496 1293 1617 1322 causa
1637 1291 1754 1335 prae-

248 1366 328 1409 fert
363 1366 472 1408 hunc
501 1364 714 1408 verborum
747 1363 952 1407 ordinem:

486 1440 587 1500 μηδ’
619 1446 655 1486 εἰ
689 1448 765 1487 νῦν
799 1442 979 1499 πολλῇ
1014 1446 1204 1485 κεῖται
1238 1442 1283 1482 ἐν
1317 1438 1471 1494 ἡσυχίῃ

250 1520 326 1562 hoc
367 1519 424 1560 ita
472 1517 624 1574 probo,
667 1523 712 1559 ut
753 1517 875 1559 simul
917 1517 977 1558 vel
1011 1516 1070 1558 sic
1100 1531 1123 1557 a
1156 1519 1275 1570 poeta
1311 1511 1432 1555 scribi
1465 1508 1646 1567 potuisse
1681 1506 1757 1548 du-

248 1597 386 1639 bitem.
449 1595 608 1651 Nempe
657 1594 823 1637 verbum
868 1601 1040 1638 κεῖσθαι
1083 1608 1105 1634 a
1143 1589 1380 1645 Theognide
1426 1592 1467 1630 et
1512 1581 1755 1640 antiquiori·

248 1674 323 1717 bus
370 1679 478 1716 certe
525 1672 716 1724 Graecis,
766 1672 799 1713 si
847 1676 955 1713 recte
999 1669 1186 1720 memini,
1235 1671 1454 1724 usurpatur
1495 1668 1658 1706 tantum
1701 1658 1754 1703 de

251 1750 369 1793 rebus
410 1750 525 1792 malis
567 1754 690 1806 atque
722 1748 914 1791 adversis.
979 1747 1049 1789 Ita
1082 1761 1138 1789 vs.
1178 1746 1286 1787 555:
1323 1751 1397 1803 χρὴ
1434 1742 1596 1798 τολμᾶν
1632 1737 1756 1798 χαλε·

252 1835 396 1873 ποῖσιν
440 1831 495 1872 ἐν
535 1827 736 1880 ἄλγεσι
783 1829 1050 1882 κείμενον
1091 1825 1234 1880 ἄνδρα
1266 1826 1308 1863 et
1344 1821 1452 1862 646:
1488 1820 1756 1873 κείμενος

254 1908 301 1950 ἐν
344 1904 507 1962 μεγάλῃ
547 1906 688 1959 θυμὸν
726 1904 1031 1959 ἀμηχανίῃ.
1094 1899 1309 1955 Propterea
1346 1909 1506 1953 quoque
1548 1889 1756 1950 probanda

253 1981 375 2024 lectio
409 1979 556 2039 codicis
592 1979 844 2021 Mutinensis
876 1993 920 2019 vs
967 1979 1076 2020 320:

343 2059 478 2115 τολμᾷ
513 2055 550 2101 δ’
585 2059 641 2101 ἕν
675 2075 729 2100 τε
765 2061 965 2106 κακοῖς
998 2056 1262 2107 κείμενος
1295 2052 1343 2095 ἕν
1377 2047 1415 2093 τ’
1443 2049 1652 2102 οὶγάθοῖς,

254 2135 324 2178 ubi
368 2149 535 2190 zeugma
575 2133 756 2184 obtinet,
802 2146 895 2188 prae
937 2130 1016 2172 alio
1058 2128 1270 2171 verborum
1315 2125 1480 2176 ordine,
1513 2138 1629 2180 quem
1661 2136 1753 2164 cum

255 2212 419 2269 reliquis
451 2210 564 2253 libris
596 2209 866 2266 Theognideis
899 2206 1099 2249 Stobaeus
1119 2205 1285 2248 exhibet
1307 2204 1461 2246 hunce:
1498 2203 1635 2259 τολμᾷ
1659 2198 1753 2245 δ’ἕν

255 2291 293 2335 τ’
338 2293 525 2344 ἀγαθοῖς
573 2291 764 2345 κείμενος
797 2290 844 2332 ἕν
878 2305 921 2330 τε
957 2291 1120 2335 κακοῖς.
1190 2281 1306 2335 Quae
1338 2295 1400 2323 res
1433 2295 1479 2322 eo
1510 2277 1637 2333 magis
1667 2275 1753 2318 ani·

257 2366 536 2409 madversione
581 2365 705 2419 digua
741 2367 823 2415 est,
865 2361 985 2418 quia,
1027 2366 1074 2402 ut
1109 2358 1211 2402 bene
1245 2358 1427 2400 observat
1460 2354 1620 2410 Bergk,
1653 2351 1753 2394 alias

257 2457 304 2486 eo
346 2442 508 2493 ordine,
553 2456 632 2497 quo
671 2455 744 2483 nos
781 2452 942 2495 quoque
974 2436 1033 2479 uti
1068 2435 1376 2486 consuevimus,
1411 2436 1527 2490 poeta
1557 2445 1603 2472 ea
1634 2427 1753 2470 verba

260 2520 444 2575 (ἀγαθός
466 2543 524 2549 --
546 2519 691 2573 κακός)
726 2516 924 2559 collocare
959 2514 1078 2557 solet.

319 2596 410 2638 Hac
441 2595 572 2652 igitur
599 2594 648 2636 de
666 2609 806 2637 caussa
829 2592 1011 2648 suspicor
1032 2597 1173 2647 poetae
1195 2603 1356 2631 manum
1379 2585 1607 2642 antiquitus
1629 2582 1754 2625 hanon

261 2673 404 2715 fuisse:

527 2749 627 2805 μηδ’
656 2752 692 2791 εἴ
724 2754 800 2792 νῦν
833 2747 973 2803 πολλῇ
1006 2753 1204 2803 χρῆται
1238 2742 1305 2787 ἴθ’
1329 2742 1495 2798 ἡσυχίῃ.

323 2825 412 2868 Nec
441 2830 577 2867 tamen
609 2824 711 2866 male
745 2822 974 2880 scripseris:

530 2901 629 2958 μηδ’
664 2905 699 2943 εἰ
734 2909 809 2945 νῦν
843 2900 984 2955 πολλῇ
1017 2901 1165 2942 οἰκεῖ
1197 2901 1241 2940 ἐν
1275 2895 1449 2951 ἡσυχίῃ,

266 2982 337 3019 aut
378 2977 543 3034 propius
574 2976 834 3019 traditionem
869 2974 1036 3031 (etenim
1069 2986 1207 3015 versus
1235 2970 1371 3012 minus
1401 2978 1640 3010 numerosus
1674 2976 1754 3006 non
