1890 3294
1011 216 1062 258 10

401 341 521 388 θεοῖς
555 341 702 397 εὔχου,
736 347 902 388 θεοῖσιν
932 345 1005 388 ἔπι
1035 352 1212 403 κράτος,
1248 352 1366 396 οὗτοι
1396 356 1500 412 ἄτερ
1532 359 1649 403 θεῶν

401 415 597 473 γίγνεται
631 418 887 474 ἀνθρώποις
920 422 1006 466 οὔτ’
1033 426 1166 477 οἷγάθ’
1202 430 1298 471 οὔτε
1328 436 1457 475 κακά’

397 493 447 535 ὃν
474 492 519 535 δὲ
553 498 653 537 θεοῖ
683 494 844 550 τιμῶσ’,
876 499 921 547 ὃς
952 504 1024 542 καὶ
1063 507 1325 558 κωμεύμενος
1357 511 1478 558 ἄνει,

395 569 552 624 ἀνδρὸς
587 571 631 613 δὲ
666 573 831 627 σπουδὴ
861 576 1059 628 γίγνεται
1089 575 1312 637 οὐτιδᾶνηζ

276 642 478 686 Ultimum
512 659 667 687 versum
700 661 780 689 non
816 663 899 691 esse
933 656 1186 708 κακόφωνον
1219 655 1379 700 docebit
1408 673 1462 701 vs.
1499 661 1610 704 180:

493 723 701 780 δίζησθαι
736 726 978 783 χαλεπῆς,
1017 734 1184 785 Κύρνε,
1221 733 1340 779 λύσιν
1369 738 1558 793 πενίης.

276 795 338 839 Cf.
381 798 459 840 174
494 799 694 855 multique
724 801 792 844 alii
825 804 930 859 apud
964 805 1253 862 Theognidem.
1304 811 1423 864 Quod
1455 818 1596 856 autem
1626 818 1771 871 γίγνε-

273 893 344 917 ται
374 874 404 930 l)
445 876 587 932 scripsi
619 892 736 920 nemo
768 880 941 936 amplius
973 883 1090 926 credo
1118 884 1363 941 improbabit
1393 893 1485 944 post
1515 904 1561 933 ea
1592 892 1769 936 maxime

269 964 395 1005 quae,
441 956 486 994 ut
527 953 604 995 alia
650 954 725 998 hoc
766 971 896 1013 genus
940 959 1090 1013 multa,
1134 961 1325 1019 diligenti
1370 970 1549 1010 veterum
1595 968 1768 1026 inscrip-

270 1027 428 1071 tionum
458 1030 673 1075 collatione
705 1033 846 1076 docuit
879 1035 935 1078 N.
971 1036 1245 1083 Wecklein
1273 1041 1318 1084 in
1351 1057 1473 1086 aureo
1503 1044 1660 1099 libello,
1688 1047 1760 1103 qui

270 1104 524 1148 inscribitur:
580 1107 714 1153 Curae
761 1112 1048 1169 epiyraphieae
1092 1118 1149 1158 ad
1197 1115 1518 1163 Grammatioam
1563 1120 1767 1166 Graecam

269 1190 307 1224 et
334 1191 481 1239 poetas
511 1186 682 1228 scenicos
703 1189 954 1244 pertinentes
984 1207 1024 1247 p.
1059 1194 1111 1234 56
1146 1208 1205 1249 sq.
1261 1194 1380 1248 Quod
1414 1198 1626 1254 egregium
1662 1214 1766 1257 opu·

269 1259 426 1302 sculum
459 1261 607 1304 criticis
639 1264 761 1307 etiam
795 1270 917 1322 atque
949 1268 1068 1310 etiam
1103 1271 1352 1316 commendo.

270 1337 340 1379 Vs.
378 1337 475 1381 173.
519 1339 644 1396 ἄνδρ’
678 1342 852 1394 ἀγαθὸν
886 1347 1015 1401 πενίη
1050 1351 1225 1391 πάντων
1255 1348 1438 1406 δάμνησι
1468 1351 1655 1405 μάλιστα

518 1421 589 1461 καὶ
619 1423 755 1474 γήρως
786 1420 1005 1472 πολιοῦ,
1039 1428 1206 1478 Κύρνε,
1240 1428 1311 1468 καὶ
1342 1426 1546 1481 ἠπιάλου·
1702 1477 1708 1482 ,

267 1490 388 1533 Haud
431 1491 574 1548 ignoro
608 1493 761 1536 Graece
794 1494 875 1538 dici
902 1498 1088 1553 μάλιστα
1123 1506 1210 1545 τῶν
1242 1502 1415 1555 ἄλλων,
1449 1505 1647 1559 μέγιστος
1673 1510 1761 1552 τῶν

262 1573 644 1627 προγεγενημένων
679 1571 906 1629 similiaque
941 1574 1009 1629 (cf.
1046 1576 1167 1631 812),
1204 1592 1304 1634 quae
1339 1594 1362 1620 a
1395 1585 1530 1623 nostra
1564 1580 1760 1638 loquendi

263 1647 560 1691 consuetudine
605 1647 856 1705 discrepant3
899 1651 1034 1694 locum
1082 1657 1216 1696 tamen
1266 1654 1431 1699 huiusce
1472 1657 1645 1701 similem
1694 1673 1760 1702 me

261 1722 394 1778 legere
427 1740 508 1767 non
547 1726 724 1770 memini.
789 1727 896 1770 Nam
929 1729 1037 1785 quod
1070 1745 1148 1774 vss.
1183 1732 1268 1774 273
1307 1747 1394 1790 sqq.
1427 1733 1644 1778 scribitur:

320 1806 406 1846 τῶν
446 1808 622 1848 πάντων
657 1806 702 1848 δὲ
737 1810 940 1852 κάκιστον
976 1810 1021 1852 ἐν
1054 1810 1331 1866 ἀνθρώποις,
1366 1817 1568 1870 θανάτου
1601 1831 1646 1857 τε

320 1882 392 1920 καὶ
431 1881 600 1924 πασέων
635 1887 796 1928 νούσων
832 1887 918 1928 ἐστι
953 1891 1355 1943 πονηρότατον
1394 1893 1482 1933 κτέ.

259 1953 316 1994 ibi
347 1955 517 1998 maxime
548 1957 600 1999 ob
632 1959 817 2002 additum
849 1968 1047 2007 θανάτου
1079 1963 1146 2004 vix
1179 1963 1324 2006 dubito
1355 1963 1628 2022 Hartungium
1651 1965 1756 2010 bene

260 2032 507 2086 rescripsisse
550 2042 962 2093 πονηρότερον,
1016 2052 1141 2093 quum
1189 2040 1445 2095 praesertim,
1487 2041 1594 2097 quod
1637 2057 1756 2086 nemo

258 2107 585 2166 palaeographiae
618 2113 771 2168 peritus
803 2114 988 2169 ignorat,
1024 2117 1385 2172 comparativorum
1417 2123 1459 2161 et
1491 2120 1755 2175 superlativo·

258 2199 344 2227 rum
379 2188 684 2232 terminationes
720 2196 913 2247 perpetuo
945 2192 1254 2237 confundantur.
1294 2194 1439 2252 Neque
1475 2211 1570 2240 vero
1603 2197 1755 2240 utrius-

256 2275 332 2316 que
373 2263 450 2306 loci
493 2265 632 2308 eadem
670 2268 772 2310 ratio
807 2273 881 2312 est.
948 2269 1016 2312 Vs.
1051 2270 1158 2313 enim
1202 2273 1309 2324 174,
1352 2273 1387 2315 si
1425 2273 1527 2316 nihil
1557 2290 1582 2317 a
1611 2275 1754 2319 scribis

256 2345 463 2392 peccatum
507 2347 594 2393 est,
636 2358 657 2384 e
698 2345 883 2399 μάλιστα
926 2360 983 2389 ve.
1029 2348 1305 2402 praecedentis
1340 2357 1474 2394 mente
1508 2353 1752 2409 repetendus

256 2415 414 2458 videtur
445 2421 737 2474 comparativus
767 2423 948 2477 μᾶλλον.
996 2423 1144 2467 Νθ8οἰ0
1179 2430 1316 2469 tamen
1351 2443 1402 2470 811
1435 2428 1574 2484 potius
1603 2435 1748 2487 Ροθῒδθ

257 2507 398 2536 manus
432 2494 553 2538 haece
585 2497 733 2541 fuerit:

463 2578 534 2616 καὶ
569 2583 703 2632 γήρως
737 2578 956 2630 πλεῖον,
990 2583 1158 2635 Κύρνε,
1190 2586 1262 2625 καὶ
1295 2583 1500 2638 ἠπιαλοῦ,

254 2651 299 2687 ut
345 2646 531 2691 librarius
577 2651 616 2692 in
664 2654 918 2696 evanescenti
965 2655 1163 2711 scriptura
1212 2659 1469 2702 notissimum
1516 2660 1743 2704 senectutis

251 2723 463 2777 epitheton
501 2727 632 2770 videre
669 2730 743 2772 sibi
779 2732 886 2774 visus
917 2747 1002 2774 esse
1034 2733 1232 2776 credatur.
1269 2760 1323 2766 ——
1357 2735 1596 2792 Sequuntur
1626 2735 1741 2780 nobi-

249 2798 391 2842 lissimi
425 2817 528 2853 vss.‚
562 2820 660 2860 quos
693 2808 881 2851 certatim
914 2814 1065 2852 veteres
1098 2810 1284 2854 laudant:

301 2967 329 3005 1)
358 2968 406 2999 Ita
430 2975 512 3002 recte
537 2983 594 3004 van
620 2973 674 3006 der
701 2976 785 3019 May,
808 2987 896 3019 quem
923 2979 991 3010 vide
1016 2979 1053 3011 ed
1077 2979 1191 3011 calcem
1216 2989 1246 3021 p.
1272 2980 1301 3011 1.
