1890 3294
993 238 1047 282 42

271 362 375 420 apud
408 362 668 407 Welckerum
703 365 777 420 (ve.
815 367 962 422 1250).
1000 365 1116 410 Inter
1146 366 1255 411 hunc
1283 383 1338 412 vs.
1374 372 1416 412 et
1446 384 1615 427 sequens
1643 370 1759 415 disti·

271 440 373 483 chon
418 441 610 485 nonnulla
659 441 852 485 excidisse
899 442 1128 499 planissime
1171 444 1365 488 assentior
1405 445 1590 503 Bergkio.
1651 447 1758 492 Cum

269 518 399 561 verbis
445 524 626 579 βρόκχον
669 522 938 578 ἀπορρήξας,
980 535 1058 578 quo
1085 521 1211 577 magis
1237 527 1424 578 appareat
1457 523 1509 566 ad
1535 523 1758 580 fugientem

269 595 493 651 pertinere,
535 611 615 638 non
659 598 721 652 (ut
760 597 892 640 visum
924 602 985 640 est
1015 597 1189 641 disticho
1219 600 1503 655 transponenti
1535 600 1672 658 Meyo)
1705 601 1758 644 ad

271 686 363 715 eum
396 673 464 729 qui
496 673 634 730 fugam
666 674 818 726 suasit,
852 679 1136 731 comparentur
1166 691 1246 719 vss.
1276 678 1360 718 259
1391 681 1431 719 et
1462 678 1562 721 459.

328 748 398 793 Vs.
437 752 548 794 1129
581 766 689 809 sqq.:

358 829 686 886 Ἐμπίομαι,
721 834 870 888 πενίης
903 836 1186 888 θυμοφθόρον
1219 834 1267 876 οὐ
1297 832 1650 888 μελεδαίνων

357 903 449 949 οὐδ’
481 907 651 963 ἀνδρῶν
686 911 880 965 ἐχθρῶν,
913 911 959 952 οἵ
985 926 1034 964 με
1068 909 1238 962 λέγουσι
1271 913 1426 960 κακῶς.

357 979 455 1025 ἀλλ’
485 986 595 1041 ἥβην
630 987 786 1040 ἐρατὴν
815 985 1098 1042 ὀλοφύρομαι,
1129 990 1154 1043 ἦ
1183 984 1227 1042 μ’
1259 985 1471 1030 ἐπιλείπει
1498 984 1558 1041 1),

359 1058 495 1102 κλαίω
524 1057 563 1103 δ’
591 1061 803 1117 ἀργαλέον
838 1068 969 1118 γῆρας
1001 1065 1295 1119 ἐπερχόμενον.

330 1133 598 1190 Depravatum
622 1151 707 1180 esse
728 1137 965 1181 vocabulum
1000 1142 1131 1194 ἐμπί
1145 1157 1247 1194 ομα
1260 1159 1274 1182 ι
1306 1138 1443 1195 arguit
1463 1143 1552 1182 tum
1573 1142 1755 1195 correpta

272 1210 418 1252 vocalis
448 1210 554 1263 iota,
585 1227 677 1255 nam
705 1214 852 1257 veteris
873 1220 1015 1271 poetae
1046 1214 1120 1257 hos
1142 1229 1279 1258 versus
1300 1229 1388 1257 esse
1410 1229 1531 1258 nemo
1550 1213 1758 1259 dubitabit

272 1288 376 1342 (eum
417 1287 592 1345 Bergkio
631 1290 874 1334 Mimnermo
905 1292 1157 1349 tribuerim),
1186 1297 1274 1335 tum
1306 1293 1395 1350 ipsa
1429 1292 1507 1335 loci
1536 1291 1753 1342 sententia.

269 1379 388 1420 quam
428 1368 603 1422 potandi
659 1368 906 1412 mentionem
957 1370 1150 1436 respkere
1194 1369 1361 1412 suadere
1416 1369 1516 1413 mihi
1567 1369 1757 1413 videntur

268 1441 386 1483 verba
422 1443 604 1499 opposita
631 1459 686 1488 vs,
715 1446 842 1490 1131.
875 1446 1067 1499 Accedit,
1099 1447 1208 1504 quod
1232 1451 1313 1490 tam
1337 1447 1499 1490 Stobaei
1521 1446 1613 1490 libri
1635 1462 1755 1504 quam

269 1518 445 1574 optimus
476 1519 599 1562 codex
630 1520 876 1578 Theognidis
906 1539 987 1566 non
1017 1526 1280 1580 μελεδαίνων
1298 1524 1514 1576 exhibent,
1540 1523 1612 1567 sed
1635 1525 1755 1582 μελε·

269 1597 419 1640 δαίνω.
485 1596 534 1639 In
573 1598 657 1641 solo
690 1599 921 1643 Mutinensi
952 1600 1101 1657 legitur
1133 1604 1298 1657 ἐμπίο
1309 1620 1431 1657 μαι,
1469 1600 1512 1643 in
1542 1599 1622 1643 alio
1652 1603 1755 1642 teste

270 1670 444 1728 Bergkio
472 1677 535 1716 est
566 1675 865 1732 ἐλπίομαι,
895 1676 1018 1733 vulgo
1055 1682 1102 1722 εἰ
1132 1681 1360 1734 πίομαι,
1399 1676 1505 1733 apud
1539 1675 1755 1720 Stobaeum

269 1750 395 1794 οὐδὲ
426 1754 483 1804 γὲ
509 1758 573 1807 μή
589 1771 626 1797 ν.
659 1751 845 1796 Fortasse
860 1754 962 1796 latet
983 1769 1130 1797 nomen
1152 1754 1316 1811 aliquod
1329 1755 1546 1811 proprium.
1563 1753 1753 1798 Gonieei:

388 1825 647 1885 Ἐλπιδίη,
678 1832 828 1887 πενίης
861 1837 1146 1889 θυμοφθόρον
1177 1834 1226 1877 οὐ
1256 1833 1586 1887 μελεδαίνω.

269 1901 389 1954 Quod
429 1917 539 1946 nunc
578 1904 698 1961 longe
735 1906 913 1961 praefero
954 1907 1067 1958 aliis,
1107 1921 1211 1963 quae
1253 1906 1348 1949 olim
1386 1905 1599 1962 placebant
1628 1905 1752 1958 mihi,

268 1980 508 2023 coniecturis
545 1981 657 2025 velut
688 1983 897 2040 δάκνομ’
932 1989 1059 2041 ἐμῆς,
1076 1983 1137 2026 vel
1171 1984 1337 2039 καίομ“
1361 1986 1489 2040 ἐμῆς
1521 2007 1575 2014 -
1608 1983 1754 2040 μελε-

269 2057 294 2100 δ
308 2060 364 2101 αι’
378 2077 400 2102 ν
411 2076 446 2102 m
456 2077 494 2102 ν.

330 2132 398 2177 Vs.
437 2136 547 2177 1133
580 2150 666 2192 sq.:

328 2217 528 2267 Κύρνε,
566 2219 805 2268 παροῦσι
834 2214 995 2269 φίλοισι
1031 2220 1162 2258 κακοῦ
1197 2218 1526 2270 καταπαύσομεν
1556 2214 1715 2271 ἀρχήν,

329 2291 520 2344 ζητῶμεν
551 2291 590 2334 δ’
620 2291 735 2334 ἕλκει
766 2296 968 2347 φάρμακα
999 2292 1211 2348 φυομένῳ.

328 2363 375 2405 In
421 2371 658 2423 παροῦσι
704 2367 777 2409 viri
820 2366 927 2409 docti
969 2366 1072 2409 alius
1113 2366 1223 2409 aliud
1262 2367 1385 2409 latere
1423 2366 1613 2423 suspicati
1644 2370 1754 2409 sunt.

270 2440 374 2483 Mihi
408 2441 613 2485 lenissima
643 2443 869 2486 mutatione
900 2443 1155 2486 scribendum
1188 2443 1370 2486 videtur:

621 2522 798 2576 Κύρν’,
832 2525 1091 2577 ἑτάροισι
1129 2520 1288 2575 φίλοισι
1323 2525 1411 2563 κτὲ.

328 2594 391 2637 Cf.
426 2609 502 2637 VSS.
539 2596 611 2647 95,
653 2597 752 2648 113,
788 2597 891 2648 529,
929 2595 1025 2639 753.
1060 2595 1245 2638 Formam
1269 2595 1446 2639 librariis
1465 2596 1599 2638 minus
1618 2594 1757 2651 cogni·

1124 2681 1287 2741 nweufclzo.
1299 2689 1481 2728 utnmuml'
1495 2681 1593 2726 Vussct

315 2749 343 2787 Ι)
368 2748 437 2778 Non
455 2746 589 2788 spondeo
614 2748 794 2780 ἐπιλείπει
822 2748 896 2779 vitio
914 2757 1031 2780 carcre.
1066 2738 1183 2795 Neinpe
1203 2741 1318 2791 [ἤρας
1339 2735 1393 2779 ἐῖτ
1403 2758 1484 2792 ερχ
1495 2746 1548 2787 ὀμ
1559 2758 1576 2779 e
1586 2758 1662 2779 τον
1678 2756 1754 2778 non·

267 2809 339 2840 dum
365 2819 490 2850 prorsus
517 2809 640 2852 deficit,
669 2809 718 2841 sed
745 2809 1018 2854 ἀπέρχεται.
1059 2808 1164 2851 Quare
1194 2809 1278 2848 vide,
1304 2819 1341 2840 ne
1366 2815 1455 2850 poeta
1482 2809 1583 2850 potins
1599 2808 1756 2851 scripsisse

267 2872 434 2902 censendus
455 2871 513 2903 sit:

507 2933 583 2966 ἀλλ’
607 2936 706 2977 ἥβην
733 2935 866 2978 ἐρατὴν
889 2933 1133 2978 ὀλοφύρομαι,
1158 2936 1181 2977 ἦ
1203 2935 1240 2974 μ’
1270 2930 1534 2966 ἀπολείπει.

313 2997 513 3030 Contrarium
544 3008 680 3030 errorem
707 3009 800 3040 supra
828 2997 977 3040 castigavi
1005 3007 1073 3039 pag.
1097 2999 1129 3030 4.
