1890 3294
993 232 1044 272 66

334 359 383 402 Ρ.
421 361 499 410 31,
537 361 603 401 12.
640 357 703 400 Cf.
735 357 895 415 Tyrtaei
928 359 979 400 fr.
1022 358 1133 410 XII,
1170 358 1212 399 8.

334 436 376 478 P.
414 438 484 479 33.
516 435 603 477 Iam
636 435 829 491 Hartung
853 434 919 493 ἤτ’
953 437 1151 492 ἔτρεφεν,
1175 434 1282 490 quod
1310 448 1399 476 sero
1425 433 1725 477 animadverti.·

332 514 380 556 P.
419 515 492 564 34,
527 514 568 554 8.
607 512 685 554 Pro
725 512 992 568 ''perfidiam''
1024 512 1192 553 fortasse
1226 510 1368 553 melius
1399 511 1624 567 posuissem
1658 510 1764 564 ,ldif-

275 588 530 633 fidentiamf'

336 668 382 711 P.
418 668 498 718 36,
533 668 600 708 20.
635 667 781 724 ἐχέμεν
817 677 896 705 non
934 663 1064 705 fuerat
1093 661 1410 705 sollicitandum.

337 744 495 796 Ρ.39,
541 745 608 784 19.
653 742 990 798 Ἐπευφραίνειν
1033 738 1216 795 quamvis
1261 738 1389 780 lexica
1429 737 1642 794 ignorent,
1676 737 1774 780 satis

278 823 353 864 hoc
384 820 650 876 compositum
682 823 848 861 tuentur
881 816 999 859 verba
1030 815 1177 858 similia
1211 817 1479 873 ἐπιτέρπειν,
1514 818 1771 873 ἐπιχαίρειν,

279 900 532 954 ἐφήδεσθαι.

336 975 384 1016 P.
436 975 517 1023 43,
552 974 618 1016 17.
651 972 746 1014 Non
779 971 882 1013 male
915 976 1049 1013 tamen
1089 968 1298 1012 Hermann
1333 970 1409 1012 οὐκ
1442 973 1500 1012 ἄν
1533 981 1607 1023 pro
1638 971 1772 1016 οὔτις.

277 1052 340 1094 Of.
375 1053 473 1094 727.

336 1128 380 1170 P.
418 1129 492 1179 44,
533 1129 573 1168 3.
606 1125 802 1182 Displicet
835 1123 1041 1165 Welckeri
1071 1122 1263 1164 correctio
1289 1129 1363 1176 τῆς
1386 1126 1657 1177 αῖειμνήςης,
1681 1117 1777 1175 quia

276 1205 317 1246 id
366 1204 630 1254 adiectivum,
673 1217 753 1244 nou
798 1216 911 1243 secus
950 1216 997 1242 ac
1025 1199 1288 1241 vernaculum
1320 1197 1518 1255 kemqelzij
1555 1208 1773 1252 numquam

277 1283 444 1338 ponitur
475 1282 518 1323 in
552 1280 693 1322 malam
726 1284 896 1335 partem.
935 1276 1087 1319 Contra
1120 1277 1249 1330 (αῖὲν)
1282 1275 1445 1326 ἄλαςος
1477 1286 1698 1328 numquam
1730 1270 1774 1313 iu

278 1361 424 1403 bonam
457 1359 664 1415 accipitur.

336 1436 383 1478 P.
417 1437 498 1486 46,
532 1436 573 1477 8.
606 1436 808 1490 Δαμῆναί
845 1451 932 1477 τινι
967 1436 1046 1472 est:
1076 1428 1246 1486 interfici
1273 1427 1323 1469 ab
1356 1426 1503 1484 aliquo.

339 1514 384 1557 P.
419 1515 500 1564 50,
537 1513 605 1554 19.
635 1510 751 1553 Adde
783 1508 926 1563 Eurip.
959 1507 1088 1563 Hipp.
1129 1507 1252 1547 1391.
