1890 3294
997 221 1053 264 58

277 347 466 391 videntur
504 346 686 400 dolores,
729 346 875 404 quibus
907 351 1067 403 spretus
1097 362 1121 390 a
1152 361 1278 403 puero
1309 363 1422 392 amor
1453 343 1645 395 miserum
1675 365 1767 396 vel·-

277 425 428 468 sificem
453 424 691 468 macerabat.
727 423 837 467 Hine
858 423 1045 468 flebiliter
1071 429 1280 481 precatur:
1309 428 1417 485 μηδέ
1439 446 1490 484 με
1513 432 1562 485 σὴ
1585 428 1767 487 φιλότης

276 486 456 558 δώματά
485 506 759 559 Περσεφόνης
787 503 957 560 οἴχηται
981 505 1276 559 προφέρουσα,
1301 509 1343 546 et
1369 504 1412 547 in
1430 504 1511 548 fine
1535 504 1765 549 tetrastiohi

277 577 408 620 verbis
434 593 456 619 a
490 592 552 619 me
585 577 770 619 correctis
801 578 996 634 opponit:
1030 584 1140 635 ἤπια
1173 586 1427 637 νωσάμενος.

332 654 403 696 Vs.
432 655 538 697 1327
575 653 804 696 criticorum
841 653 1093 710 diligentiam
1115 657 1323 712 praeteriit
1350 657 1632 714 corrigendum
1652 671 1764 702 esse:

510 727 542 775 ὦ
581 737 680 783 παῖ,
714 731 792 782 ἕως
823 735 879 776 ἂν
911 733 1010 789 ἔχῃς
1042 733 1204 789 λείην
1235 735 1367 788 γένυν
1400 739 1489 779 κτὲ.

274 806 343 848 ubi
376 806 492 849 codd.
522 806 675 850 habent
707 808 842 852 λείαν.
905 806 1012 849 Nam
1046 807 1201 851 Iasmos
1234 823 1314 851 non
1349 809 1483 853 minus
1519 815 1760 867 personatus

275 882 479 939 Theognis
510 886 687 925 sectatur
719 897 835 939 quam
867 882 1069 939 genuinus
1100 889 1234 940 poeta.
1300 884 1398 928 Non
1428 901 1656 940 monerem,
1681 887 1761 931 nisi

271 959 314 1002 in
347 974 388 1001 re
419 959 558 1001 critica
590 959 693 1002 nihil
725 974 890 1022 parvum
922 965 994 1002 aut
1024 960 1110 1003 leve
1131 961 1444 1006 existimandum
1466 978 1551 1007 esse
1572 963 1760 1008 haberem

274 1035 635 1092 persuasissimum.

330 1113 399 1156 Vs.
444 1114 554 1154 1331
599 1112 782 1155 lacunam
819 1111 862 1154 in
907 1112 1017 1156 hunc
1050 1113 1214 1157 modum
1247 1115 1518 1172 expleverim:
1548 1118 1669 1163 αι’δέο
1701 1119 1766 1175 μ’,

271 1186 304 1233 ὦ
328 1198 422 1241 παῖ,
452 1190 636 1244 (τήνδε)
661 1191 805 1240 διδούς
834 1195 983 1248 χάριν,
1007 1196 1110 1243 κτὲ.,
1137 1206 1266 1248 neque
1294 1193 1517 1249 perspicio,
1545 1208 1618 1236 cur
1633 1193 1761 1252 Berg-

272 1266 341 1308 kio
383 1266 499 1322 plura
540 1265 735 1308 excidisse
779 1266 1011 1318 videantur,
1052 1267 1211 1324 duoque
1256 1269 1430 1312 disticha
1476 1270 1675 1314 coaluisse
1719 1271 1764 1315 in

274 1357 413 1385 unum.
476 1342 556 1384 Vix
589 1347 723 1384 autem
756 1347 862 1403 recte
893 1343 953 1385 vir
984 1344 1168 1400 egregius
1199 1360 1255 1388 vs.
1293 1347 1404 1388 1333
1436 1362 1494 1404 sq.
1519 1347 1658 1390 statim
1679 1347 1760 1391 illis

271 1419 493 1463 subiunxit.
535 1419 709 1472 Melius,
742 1435 804 1462 me
837 1420 992 1474 iudice,
1025 1436 1108 1464 rem
1134 1421 1484 1465 administraverat
1513 1422 1558 1466 in
1580 1422 1761 1469 editione

271 1497 460 1540 secunda.

327 1574 502 1616 Tandem
533 1589 695 1630 gravem
727 1588 898 1616 errorem
931 1573 1014 1616 leni
1053 1588 1174 1616 manu
1208 1574 1406 1630 corrigam
1436 1574 1652 1619 scribendo
1683 1590 1762 1619 vss.

271 1653 383 1694 1373
418 1666 475 1707 sq.
509 1651 553 1693 in
585 1650 693 1692 hunc
725 1650 913 1693 modum:

387 1730 554 1784 οὐδαμά
582 1746 649 1771 πω
680 1728 935 1783 και-ἔμεινας
960 1731 1062 1783 ἐμὴν
1097 1733 1235 1785 χάριν,
1261 1728 1358 1772 ἀλλ’
1386 1731 1470 1773 ὑπὸ
1502 1735 1647 1776 πᾶσαν

388 1810 472 1850 affl
506 1806 830 1855 σπουδαίως
865 1792 1008 1863 ἔρχεαι
1039 1806 1263 1862 ἀγγελίην.

269 1882 383 1934 Sive,
418 1896 480 1923 res
511 1882 616 1923 enim
640 1881 780 1923 eodem
811 1880 942 1933 redit,
975 1883 1312 1933 σπουδάζων
1345 1881 1471 1923 mavis
1501 1896 1574 1938 pro
1598 1881 1760 1938 vulgato

268 1960 603 2016 σπουδαίην.’
665 1957 878 2000 Praeterea
911 1972 1000 2000 cum
1033 1956 1208 2013 Bergkio
1239 1957 1398 2012 requiro
1429 1960 1580 2017 οἴχεαι.

326 2187 535 2244 Compulit
566 2202 628 2229 me
658 2201 863 2243 operarum
898 2186 1092 2238 tarditas,
1125 2191 1171 2228 ut
1200 2186 1526 2242 interpretationi
1558 2185 1759 2243 Theogni-

269 2265 331 2306 dis
366 2265 482 2306 unice
512 2264 694 2306 intentus
725 2263 812 2306 eius
845 2278 947 2319 quae
980 2263 1166 2305 feruntur
1196 2263 1388 2320 reliquias
1421 2263 1542 2306 tertia
1571 2263 1656 2307 vioe
1676 2264 1757 2307 aori

270 2346 402 2383 mente
432 2356 618 2384 versarer.
652 2342 686 2383 E
717 2339 1057 2384 commentariolis
1090 2340 1190 2382 meis
1224 2354 1429 2395 promam,
1462 2353 1563 2396 quae
1594 2344 1637 2382 et
1667 2339 1758 2384 aliis

267 2418 451 2474 prodesse
498 2418 667 2460 forsitan
715 2417 891 2474 possint,
930 2430 1058 2472 neque
1101 2416 1203 2459 hanc
1247 2415 1490 2460 dedecorent
1538 2415 1756 2474 scriptiun-

267 2494 409 2536 culam.

327 2570 397 2612 Vs.
431 2571 510 2612 171
549 2570 616 2628 (cf.
651 2586 742 2626 pag.
782 2572 867 2626 10).
900 2569 1001 2613 Cum
1033 2570 1218 2613 Bekkero
1244 2569 1406 2625 supple:
1441 2575 1610 2615 θεοῖσιν
1633 2568 1750 2627 (γὰρ)

268 2649 339 2691 ἔπι
380 2653 552 2701 κράτος,
597 2652 693 2702 apto
734 2661 781 2689 ac
819 2661 944 2702 paene
975 2645 1196 2688 necessario
1229 2645 1448 2701 particulae
1479 2660 1567 2688 usu.
1629 2645 1751 2698 Quod

267 2738 290 2764 a
323 2721 496 2777 Bergkio
529 2722 684 2765 editum
718 2730 836 2775 θεοῖς
866 2725 984 2774 ἔςιν
1020 2724 1110 2767 ἔπι
1145 2730 1314 2779 κράτος,
1349 2721 1545 2764 Graecum
1566 2736 1655 2765 esse
1676 2736 1749 2778 pro

267 2802 413 2850 ἕπεςιν
447 2805 656 2855 propterea
689 2799 854 2850 dubito,
887 2799 995 2855 quod
1026 2798 1179 2841 nudum
1211 2801 1283 2844 ἒπι
1315 2813 1362 2840 eo
1393 2812 1511 2841 sensu
1540 2812 1563 2840 a
1584 2797 1748 2841 Graecis

268 2874 449 2916 adhiberi
481 2875 596 2925 solet.

327 2950 400 2993 Vs.
434 2952 529 2994 185.
578 2951 639 2994 Ad
671 2967 736 3004 ea,
771 2966 869 3008 quae
900 2951 950 2994 de
982 2951 1021 2994 h.
1054 2951 1079 2994 l.
1110 2950 1310 3006 disputavi
1341 2965 1432 3007 pag,
1471 2952 1520 2994 ll
1554 2965 1633 3008 sq„
1667 2965 1748 2994 non
