1890 3294
997 212 1021 252 8

266 332 380 376 kium
413 333 504 391 Lyr.
535 335 598 378 ed.
629 336 700 380 III
731 354 767 395 p.
807 341 933 382 1226.
981 340 1074 394 Quo
1106 343 1194 386 loco
1216 345 1376 402 egregie
1397 345 1629 392 illustratur
1647 349 1750 394 'rhe-

265 410 440 466 ognidea
471 414 688 458 sententia.

325 488 454 532 Miror
486 494 623 533 autem
661 491 903 549 Bergkium,
941 496 1053 539 cuius
1086 497 1160 540 viri
1193 513 1359 542 acumen
1392 505 1432 542 et
1465 501 1688 547 doctrinam
1708 503 1751 548 in

261 565 398 620 paucis
439 566 615 610 admiror
657 574 698 612 et
737 571 934 627 suspicio,
977 573 1017 615 in
1062 574 1124 617 ed.
1167 575 1236 618 III
1276 575 1446 620 subinde
1489 579 1588 622 talia
1618 580 1751 624 minus

262 641 511 686 considerate
547 646 742 701 recepisse
773 647 816 690 in
851 653 1031 700 textum,
1062 650 1159 694 dum
1192 658 1332 695 contra
1363 655 1577 710 praeclaris
1609 658 1749 702 multis

260 722 343 760 tam
386 720 470 762 suis
511 737 631 778 quam
671 723 813 767 alienis
846 725 1045 779 inventis,
1077 743 1247 785 quorum
1283 746 1372 788 pars
1403 732 1447 776 in
1477 735 1655 779 editione
1687 752 1748 781 se·

260 795 392 838 cunda
434 803 590 854 recepta
628 805 729 847 erat,
767 801 898 844 locum
936 819 1072 847 rursus
1105 807 1370 862 assignaverit-
1401 810 1442 853 in
1474 811 1745 858 adnotatione.

261 871 353 916 Huc
399 875 576 930 pertinet
619 891 654 920 v,
690 892 720 920 c,
760 879 867 935 quod
908 896 929 922 e
959 881 1130 925 Bekkeri
1170 886 1454 930 emendatione
1496 905 1550 933 vs,
1586 892 1673 934 674
1703 891 1747 935 in

257 949 435 993 editione
465 952 587 995 altera
620 956 781 1010 egregie
811 956 1020 1002 scribitur:
1053 959 1077 1015 ἦ
1098 962 1217 1017 μάλα
1242 982 1308 1014 τις
1332 965 1527 1023 χαλεπῶς
1548 971 1744 1021 σώζεται,

255 1027 322 1072 οἷ’
362 1031 558 1086 ἔρδουσι,
601 1035 738 1088 contra
770 1032 812 1075 in
844 1034 1059 1078 novissima
1093 1036 1242 1094 absque
1273 1055 1392 1083 sensu
1424 1057 1513 1084 cum
1547 1043 1661 1087 libris
1691 1052 1745 1091 οἳ

255 1104 291 1148 δ’
321 1105 507 1161 ἔρδουσι.
570 1107 648 1150 Sed
685 1109 805 1152 redeo
843 1110 885 1153 in
919 1112 1036 1157 viam.

219 1223 223 1226 ,
284 1181 356 1224 VS.
378 1184 474 1227 149.
509 1185 678 1230 Boin-eo
701 1187 738 1230 δ’
766 1189 971 1246 εὐσεβέων
993 1191 1160 1246 ὀλίγοις
1190 1197 1286 1239 σύν
1317 1204 1523 1254 χρήμασιν
1545 1203 1680 1246 οἶκεῖν

507 1267 534 1318 ἦ
566 1262 772 1309 πλουτεῖν
804 1266 964 1319 offiium·
998 1275 1190 1326 χρήματα
1221 1278 1478 1327 πασάμενος.

251 1334 460 1387 Postulat,
510 1337 588 1380 nisi
631 1339 769 1392 fallor,
816 1342 917 1384 ratio
950 1343 1218 1397 Graecitatis,
1254 1353 1300 1390 ut
1331 1348 1623 1396 rescribamus:
1656 1355 1744 1400 ὀλί-

246 1431 339 1466 γοις
382 1417 401 1458 ἐ
415 1434 437 1459 ν
483 1422 688 1473 χρήμασιν
732 1422 884 1463 οῗκεῒυ.
952 1420 1015 1462 Ita
1057 1438 1093 1465 v.
1127 1438 1159 1465 c.
1196 1426 1422 1482 Aeschylus
1452 1427 1494 1471 in
1527 1428 1742 1474 Eumenid.

249 1488 331 1532 757
367 1492 424 1535 ἕν
453 1511 498 1536 τε
534 1501 742 1551 χρήμασιν
771 1499 880 1540 οῗκεῒ
902 1506 1132 1556 πατρῴοις.
1166 1500 1343 1545 Verbum
1367 1509 1501 1548 autem
1524 1514 1742 1554 συνοικεῖν

250 1564 483 1623 ubicunque
523 1568 646 1611 habet
687 1570 877 1615 Dativum
921 1574 1002 1626 rei,
1045 1590 1125 1619 non
1157 1593 1373 1634 personae,
1418 1581 1498 1625 dici
1530 1582 1611 1626 fere
1643 1584 1746 1628 solet

250 1641 298 1684 de
331 1643 448 1686 rebus
482 1645 617 1689 malis:
642 1651 776 1706 φόβῳ,
811 1657 949 1708 γήρᾳ,
985 1655 1187 1711 ἀμαθίᾳ,
1224 1664 1386 1710 κακοῖς,
1419 1659 1508 1702 sim.

308 1719 378 1764 Vs,
415 1723 506 1763 152.
543 1718 593 1768 οὗ
621 1725 766 1780 μέλλει
802 1731 983 1786 χώρην
1015 1733 1231 1788 μηδεμίαν
1266 1736 1447 1790 θέμεναι
1478 1741 1519 1780 et
1541 1740 1625 1781 822
1648 1744 1745 1785 τοιΙ·

246 1816 331 1842 των
364 1816 450 1841 τοι
485 1804 651 1858 χώρη,
688 1805 832 1858 ΚιΙρν“,
862 1805 988 1863 ὀλίγη
1011 1807 1192 1852 τελέθει.
1231 1809 1391 1866 Bergk„
1426 1813 1572 1856 collato
1594 1814 1744 1858 Latino

246 1874 442 1917 vocabulo
467 1891 587 1926 cura,
617 1878 800 1933 perhibet
833 1895 904 1936 pro
933 1886 1020 1940 ὤρη
1043 1882 1207 1927 Graecis
1233 1887 1462 1944 antiquitus
1484 1889 1635 1933 dictum
1658 1906 1744 1934 esne

247 1956 388 2009 χώρη.
424 1952 562 2008 itaque
595 1954 666 1996 hos
698 1955 807 1998 locos
839 1958 938 1999 vitio
971 1974 1115 2003 carere.
1153 1961 1248 2004 Non
1283 1965 1511 2020 negaverim
1533 1967 1741 2023 equidem,

242 2027 337 2070 licet
373 2028 414 2070 id
453 2030 618 2072 minime
660 2033 787 2075 ausim
828 2036 1091 2088 contendere,
1129 2038 1367 2094 aliquando,
1409 2041 1492 2084 sive
1527 2048 1624 2086 ante
1659 2044 1744 2088 sive

240 2109 331 2159 post
364 2105 677 2158 Deucalionem,
714 2111 912 2165 gutturali
943 2113 1063 2156 litera
1087 2115 1273 2160 ditiorem
1298 2117 1421 2162 fuisse
1443 2119 1554 2164 illam
1578 2136 1742 2176 vocem,

239 2181 310 2222 sed
343 2187 476 2225 aetate
503 2184 752 2242 Theognidis
776 2187 951 2231 Graecos
973 2190 1156 2234 homines
1181 2208 1252 2249 pro
1275 2210 1321 2237 ea
1345 2201 1457 2254 χώρη
1480 2196 1630 2241 dixisse
1650 2214 1742 2256 per·

245 2272 361 2312 quam
382 2259 480 2302 mihi
501 2261 658 2304 videtur
676 2264 951 2320 improbabile,
970 2269 1204 2322 praesertim
1223 2270 1276 2313 ob
1294 2286 1477 2327 magnam
1498 2278 1740 2318 vetustatem

237 2335 554 2389 compositorum
589 2344 764 2395 εὔωρος.
806 2343 1024 2399 ὀλίγωρος,
1060 2347 1275 2403 πυλωρός,
1311 2355 1493 2406 νεωρός,
1528 2359 1737 2409 θυρωρός,

245 2418 429 2467 θεωρός,
465 2414 644 2459 aliorum.
708 2424 844 2477 Χὼρη
876 2435 946 2475 pro
978 2425 1066 2479 ὥρη
1097 2438 1176 2465 non
1211 2425 1339 2481 magis
1371 2426 1448 2468 fide
1479 2427 1647 2483 dignum
1680 2436 1743 2474 est

235 2500 352 2540 quam
393 2503 445 2531 vs.
483 2491 567 2532 440
603 2495 743 2539 κίδιον
774 2511 843 2551 pro
876 2497 1005 2542 ἴδιον.
1055 2498 1196 2542 Potius
1233 2502 1468 2546 crediderim
1501 2505 1737 2549 vocabulum

236 2562 436 2619 incepisse
479 2583 500 2608 a
544 2567 771 2624 digamma;
817 2573 878 2615 cui
921 2577 1149 2619 sententiae
1194 2578 1326 2621 favere
1363 2580 1479 2623 video
1513 2581 1735 2638 Georgium

232 2638 422 2684 Curtium
456 2644 496 2685 in
523 2645 646 2697 libro,
682 2649 749 2703 qui
775 2650 1037 2694 inscribitur:
1082 2651 1325 2712 Gmndzstye
1355 2658 1430 2699 der
1454 2656 1735 2702 Gvieohisoken

238 2719 470 2775 etgsmoloyie
503 2737 541 2776 p.
575 2725 628 2764 95
663 2728 703 2765 et
737 2727 835 2769 311.
870 2727 981 2781 Quae
1014 2729 1044 2770 si
1082 2745 1171 2772 vera
1202 2733 1341 2787 opinio
1377 2739 1460 2784 est,
1493 2734 1623 2790 priore
1647 2736 1737 2779 loco

236 2793 483 2849 scripserim:
516 2794 564 2842 οὗ
596 2802 743 2854 μέλλει
777 2807 922 2861 ὤρην
958 2812 1044 2851 uri.
1065 2839 1075 2858 ‚
1110 2809 1349 2863 posteriore:
1387 2815 1548 2856 τούτων
1578 2819 1736 2863 θεοῖς

235 2871 363 2926 ὤρη,
408 2873 556 2928 Κύρν’,
608 2877 733 2934 ὀλίγη
781 2881 978 2934 τελέθει,
1032 2888 1077 2924 ut
1108 2883 1261 2927 dudum
1297 2886 1471 2938 conieci,
1517 2893 1732 2946 antequam

237 2946 376 2989 scirem
410 2949 514 2992 idem
547 2952 625 2995 iarn
660 2957 916 3011 proposuisse
948 2964 990 3002 ct
1024 2959 1299 3019 Hartungium
1332 2969 1373 3006 et
1404 2963 1639 3021 Bergkium.
