1890 3294
982 227 1036 269 28

259 351 327 396 ubi
364 353 608 397 contrarium
641 359 845 412 exspectes
871 355 922 400 ab
948 356 1111 400 homine
1141 357 1312 415 gloriam
1348 359 1574 418 bonamque
1605 361 1753 406 famam

257 431 482 488 appetenti.
545 433 601 475 At
634 431 804 476 fortasse
838 438 957 491 poeta
988 435 1224 492 scripserat:

315 506 415 552 ἀλλ’
444 511 468 552 o‘
496 512 574 565 μὲν
604 510 844 567 εὐδοκιμεῖν
870 516 1131 570 πειρώμενος
1163 511 1222 558 εὖ
1251 522 1575 573 προνοήσας

318 589 359 637 ἐς
390 587 580 645 μεγάλην
613 592 725 646 ἄτην
757 593 830 634 καὶ
866 591 1056 648 χαλεπὴν
1090 592 1262 637 ἔπεσεν

316 670 375 719 τῷ
404 663 449 707 δὲ
484 667 663 715 κακῶς
695 674 1044 722 προνοεῦντι
1077 670 1178 718 θεὸς
1209 672 1306 725 περὶ
1341 674 1488 713 πάντα
1515 671 1692 728 τίθησιν

315 743 552 797 συντυχίην
585 742 788 798 ἀγαθήν,
826 744 1063 789 ἔκλυσιν
1097 748 1431 803 ἀφροσύνης·

314 815 377 859 Of.
414 817 494 858 161
530 832 615 874 sqq.
649 822 690 860 et
723 820 806 860 639
845 834 925 875 sq.‚
962 819 1028 862 ubi
1071 825 1178 863 recte
1215 836 1291 863 van
1334 821 1406 864 der
1445 821 1539 878 Mey
1582 824 1749 880 ἔρρειν

255 893 427 936 coniecit
449 909 520 950 pro
543 899 698 951 εὑρεῖν,
733 895 840 951 quod
862 896 906 938 in
939 893 983 941 εὖ
1012 902 1101 955 ῥεῖν
1134 903 1360 941 mutaverat
1382 897 1532 955 Bergk.
1578 897 1750 942 Coniec-

254 977 371 1016 turae
405 989 514 1017 meae
540 989 741 1032 opponere
777 976 860 1018 noli
892 976 1104 1020 lectionem
1132 977 1175 1019 in
1214 975 1372 1019 Solonis
1409 976 1511 1033 eleg.
1550 975 1664 1019 XIII
1691 991 1747 1020 vs.

256 1053 332 1093 39:
358 1058 417 1108 τῷ
452 1052 496 1097 δε·
527 1058 668 1105 κακῶς
704 1054 912 1111 ’ἕρδοντι
947 1062 991 1099 θ.
1029 1075 1074 1099 π.
1098 1074 1142 1099 π.
1166 1074 1203 1100 τ.
1244 1054 1354 1098 Nam
1386 1054 1482 1097 haec
1501 1058 1561 1097 est
1587 1053 1753 1111 Bergkii

258 1127 470 1171 correctio.
517 1129 677 1173 Stobaei
712 1130 825 1174 codd.
855 1131 1004 1174 habent
1036 1133 1193 1189 ἕρδειν,
1233 1131 1339 1188 quod
1371 1146 1503 1175 errore
1534 1131 1752 1188 repetitum

255 1203 416 1247 videtur
448 1220 469 1248 e
502 1221 560 1248 vs.
603 1208 685 1250 37:

491 1282 588 1327 ἄλλ’
626 1287 650 1328 ό
682 1288 761 1341 μὲν
796 1282 852 1330 εὖ
883 1286 1075 1343 ἕρδειν
1108 1291 1368 1344 πειρώμενος
1394 1292 1484 1332 κτὲ.

312 1359 381 1402 Vs.
419 1361 498 1403 607
535 1376 604 1417 pro
638 1362 859 1420 (ψεύδους)
891 1371 1058 1420 μικρή
1095 1363 1266 1420 repetita
1297 1363 1490 1407 sibillanti
1527 1363 1751 1421 scripserim

252 1444 465 1495 σμικρή.
500 1436 564 1480 Cf.
603 1454 675 1481 vss‘
717 1441 767 1481 14
800 1443 840 1482 et
878 1441 976 1484 580.

312 1512 382 1556 Vs.
408 1515 506 1556 613.
539 1522 665 1569 σιγᾶν
691 1515 729 1557 δ’
758 1519 852 1561 οὐκ
877 1517 1147 1562 ἐθέλουσι
1167 1522 1291 1563 κακοὶ
1316 1523 1427 1562 κακὰ
1457 1519 1749 1577 λεσχάζοντες.

252 1589 317 1632 Ob
349 1591 554 1648 opposita:
578 1595 619 1636 οἱ
640 1593 677 1637 δ’
697 1594 862 1648 ἀγαθοὶ
892 1600 1069 1640 πάντων
1101 1598 1255 1654 μέτρον
1278 1598 1451 1642 ἴσασιν
1487 1598 1603 1661 ἔχειν
1626 1596 1751 1639 ferme

251 1673 474 1724 exspectes:
508 1676 635 1725 σιγᾶν
671 1671 709 1714 δ’
742 1675 799 1716 οὐ
831 1672 1076 1729 τολμῶσι
1105 1673 1132 1715 i.
1161 1688 1195 1716 e.
1228 1681 1361 1717 tacere
1387 1681 1607 1732 nequeunt,
1635 1688 1666 1718 s.
1699 1672 1750 1716 ad

251 1743 430 1795 literam,
457 1760 538 1788 non
567 1746 771 1789 sustinent.
835 1747 912 1790 Sed
943 1747 1047 1791 nihil
1081 1753 1208 1793 muto.

309 1820 377 1865 Vs.
413 1822 494 1865 667
530 1837 614 1878 sq.:

369 1904 404 1943 εἷ
438 1903 516 1956 μὲν
553 1900 728 1958 χρήματ’
763 1903 930 1959 ἔχοιμι,
963 1904 1207 1960 Σιμωνίδη,
1243 1902 1392 1960 οἷάπερ
1430 1905 1625 1962 ᾔδειν,

368 1979 444 2021 οὐκ
476 1980 533 2022 ἂν
562 1981 815 2035 α’νιῳμην
849 1985 937 2030 τοῖς
969 1982 1177 2034 ἀγαθοῖσι
1215 1984 1377 2026 συνών.

311 2053 376 2096 Sic
422 2053 553 2110 Bergk
589 2070 610 2097 e
642 2054 756 2098 codd.
794 2054 946 2107 edidit,
986 2066 1246 2112 posteaquam
1286 2056 1327 2099 in
1366 2056 1429 2101 ed.
1462 2057 1509 2100 II
1545 2061 1748 2114 receperat

250 2145 361 2172 suam
394 2130 689 2176 coniecturam:

1079 2209 1228 2268 οἷάπερ
1259 2208 1346 2256 οἶδ
1361 2231 1390 2256 α

427 2288 503 2330 οὐκ
536 2290 593 2332 ἂν
631 2289 989 2344 ἀναινοίμην
1023 2292 1110 2331 κτὲ.

307 2361 587 2406 certissimum
623 2369 758 2406 autem
791 2369 851 2407 est
884 2367 1082 2423 οἰνῖῲμην
1125 2363 1193 2419 (cf.
1233 2365 1335 2420 991)
1379 2369 1617 2422 corruptum
1661 2379 1747 2408 esse

247 2443 329 2481 tam
360 2444 523 2495 propter
555 2441 728 2484 vocalem
769 2441 927 2483 brevem
963 2440 1197 2497 productam
1222 2456 1342 2499 quam
1365 2446 1532 2499 propter
1558 2441 1635 2485 loci
1658 2456 1746 2486 sen·

247 2516 443 2568 tentiam
476 2532 605 2574 neque
636 2517 809 2560 diffiteor
842 2518 943 2561 hanc
978 2517 1144 2574 Bergkii
1178 2518 1451 2561 coniecturam
1492 2518 1590 2562 mihi
1618 2518 1745 2563 videri

248 2592 362 2634 valde
399 2592 661 2649 probabilem.
725 2595 909 2651 Reliquis
955 2609 1052 2651 quas
1091 2595 1208 2637 affert
1253 2595 1492 2638 coniecturis
1531 2595 1746 2639 manifesto

247 2670 418 2712 violatur
475 2675 614 2726 poetae
662 2686 785 2715 mens.
850 2671 1079 2725 Quominus
1121 2677 1255 2715 autem
1303 2687 1324 2714 e
1371 2672 1545 2715 lectione
1594 2672 1745 2716 codicis

247 2747 492 2790 Mutinensis
522 2749 603 2805 ἤδη
636 2747 786 2790 leniore
819 2763 938 2791 manu
970 2748 1177 2791 eliciamus
1207 2750 1309 2807 ᾔδη,
1333 2748 1488 2800 obstat,
1511 2748 1589 2791 nisi
1612 2748 1743 2801 fallor,

247 2824 522 2867 Grammatica
554 2839 706 2878 graeca.

307 2900 374 2943 Vs.
395 2902 476 2943 671
506 2915 565 2957 sq.
599 2905 756 2946 οὕνεκα
781 2910 855 2948 νῦν
880 2909 1123 2961 φερόμεσθα
1147 2902 1254 2948 καθ’
1278 2907 1366 2955 ἱςία
1384 2903 1514 2948 λευκὰ
1532 2904 1741 2962 βαλόντες

395 2978 623 3034 Μηλίου
658 2983 712 3023 ἐκ
745 2986 956 3025 πόντου
990 2986 1123 3027 νύκτα
1154 2982 1228 3026 διὰ
1261 2980 1486 3037 δνοφερὴν-
