1890 3294
1023 212 1078 253 54

307 341 377 370 cur
407 327 538 385 Bergk
571 331 741 374 mutarit
761 332 803 375 in
825 335 909 380 καλ
930 335 1022 380 λῖθ’
1048 336 1095 392 (i.
1121 352 1155 381 e.
1191 344 1302 384 κατὰ
1324 341 1442 399 λῖτα)
1465 344 1620 395 εὕδειν,
1646 346 1755 403 quod
1775 362 1799 391 e

307 405 608 462 corruptissima
622 408 800 453 lectione
819 409 1008 455 Vaticani
1025 413 1171 457 codicis
1189 417 1424 475 (κάλλισθ’)
1442 419 1604 474 elicuit,
1619 437 1702 466 non
1718 438 1798 467 ma·

307 482 368 537 gis
395 497 469 539 ego
500 484 723 542 intellego,
746 502 864 543 quam
896 489 1101 534 intellexit
1122 506 1199 534 van
1222 492 1293 535 der
1312 494 1408 551 Mey
1428 510 1470 552 p.
1497 497 1722 556 36‚.idque
1750 515 1798 543 eo

305 557 456 611 minus,
489 561 596 616 quod
630 577 686 604 vs.
726 565 839 606 1336
873 565 1048 622 legitur:
1082 570 1193 613 εὕδει
1224 567 1302 615 σύν
1333 572 1451 629 καλῷ
1480 574 1606 618 παιδὶ
1639 594 1798 635 πανη-

304 637 494 691 μέριον.
527 638 678 681 Melius
710 640 750 683 in
774 643 1040 698 sequentibus
1062 645 1277 702 recepisset
1298 648 1503 705 egregiam
1525 664 1637 694 suam
1659 666 1798 697 emen-

307 710 534 756 dationem:
562 720 723 761 tov'rwv
755 718 881 763 οὐδὲν
910 720 976 775 ἄρ’
997 720 1049 776 ἦν
1082 735 1153 776 pro
1186 727 1346 770 τούτων
1380 727 1507 772 οὐδέν
1539 745 1620 773 τοι
1649 734 1736 775 ιιι-ε’.

364 786 433 831 Vs.
469 791 581 832 1135
615 806 725 848 sqq.:

425 865 578 919 Ἐλπὶς
612 871 656 913 ἐν
691 872 943 927 ἀνθρώποις
974 879 1111 932 μούνη
1142 879 1242 927 θεὸς
1274 878 1410 934 ἐσθλή
1439 881 1610 932 ἔνεςιν,

420 943 549 987 ἄλλοι
583 944 621 988 δ’
646 946 920 1002 Οὐλυμπόνδ’
954 951 1290 1007 ἐκπρολιπόντες
1320 956 1428 1012 ἔβαν
1446 968 1457 980 ·

422 1026 556 1078 ᾤχετο
587 1027 667 1078 μὲν
702 1027 856 1076 Πίςις,
892 1028 1056 1085 μεγάλη
1087 1035 1206 1080 θεὸς,
1240 1034 1374 1086 ᾤχετο
1407 1031 1444 1075 δ’
1465 1033 1668 1091 ἀνδρῶν

422 1102 713 1157 Σωφροσύνη·
746 1103 937 1158 Χάριτές
969 1106 1020 1156 τ’,
1055 1101 1088 1148 ὦ
1124 1106 1245 1160 φίλε,
1279 1113 1359 1162 γῆν
1394 1108 1562 1156 ἔλιπον.

361 1173 602 1236 Neminem,
637 1176 705 1231 qui
738 1177 815 1220 hoc
846 1184 962 1235 agat,
996 1180 1120 1223 latere
1151 1185 1304 1238 potest,
1342 1183 1580 1229 vocabulum
1609 1189 1795 1246 ἀνδρῶν,

301 1251 334 1292 si
377 1252 579 1308 propriam
622 1253 670 1296 h.·
706 1254 733 1298 l.
767 1269 883 1298 suam
917 1257 996 1299 vim
1029 1273 1186 1302 servare
1219 1265 1440 1314 censeatur,
1471 1262 1657 1320 ineptum
1689 1279 1797 1319 esse,

301 1328 364 1370 sin
397 1328 574 1385 positum
607 1345 692 1372 esse
724 1346 796 1388 pro
826 1335 1091 1391 ἀνθρώπων,
1127 1335 1307 1392 turpitur
1338 1337 1540 1381 abundare
1562 1343 1605 1382 et
1624 1345 1797 1401 στοιβῆς

302 1405 386 1447 vice
417 1405 546 1463 fungi.
580 1407 802 1461 Quocirca,
836 1424 959 1466 quum
993 1411 1169 1466 genuina
1201 1427 1276 1455 vox
1308 1414 1525 1458 excidisset
1544 1421 1616 1459 aut
1635 1431 1798 1461 evanes-

302 1488 419 1526 cente
449 1484 646 1540 scriptura
677 1486 758 1543 legi
788 1502 870 1530 non
903 1494 1062 1544 posset,
1095 1489 1353 1546 impudenter
1383 1506 1406 1533 a
1438 1490 1616 1536 librariis
1635 1495 1798 1552 supple-

303 1565 390 1602 tum
422 1575 509 1604 esse
531 1562 781 1607 crediderim.
815 1563 926 1617 Quid
951 1565 1107 1608 dederit
1127 1566 1214 1622 ipse
1235 1571 1376 1623 poeta,
1407 1583 1481 1625 pro
1503 1574 1613 1613 certo
1633 1571 1797 1628 quidem

269 1619 275 1622 ’
301 1636 382 1678 dici
417 1636 538 1680 hodie
571 1653 653 1681 non
677 1643 831 1695 potest,
863 1642 1055 1698 apprimis
1078 1647 1234 1696 tamen,
1267 1659 1330 1687 me
1350 1645 1507 1700 iudice,
1539 1648 1793 1693 conveniret:

416 1719 551 1773 ᾤχετο
581 1720 660 1773 μὲν
696 1720 848 1770 Πίςις,
881 1720 1092 1778 μεγάλη
1123 1726 1277 1773 θεός,
1310 1726 1444 1781 ᾤχετο
1477 1724 1675 1783 δ’ἀγνή

417 1796 710 1849 Σωφροσύνη·
745 1798 832 1837 κτὲ.
1116 1782 1121 1786 .

357 1867 504 1921 ζΑγνή
548 1867 657 1909 enim
685 1868 727 1911 -i.
762 1884 794 1912 e.
830 1878 997 1920 sancta,
1042 1871 1231 1928 frequens
1263 1873 1429 1917 dearum
1461 1875 1695 1932 epitheton,
1726 1879 1793 1922 vix

300 1942 371 1983 ulli
419 1942 514 1985 deae
559 1945 695 2000 aptius
742 1949 804 1987 est
849 1961 968 2002 quam
1016 1948 1327 2004 Temperantiae
1369 1966 1417 1994 ac
1455 1950 1696 1999 Modestiae.
1737 1981 1793 1988 —

299 1997 535 2074 Sequuntur
567 2019 609 2062 hi
641 2035 720 2063 vss.
753 2021 926 2064 feliciter
957 2023 1162 2066 emendati
1194 2040 1217 2067 a
1249 2025 1392 2083 Meyo:

472 2100 592 2153 ὅρκοι
626 2097 664 2142 δ’
687 2100 832 2144 οὐκέτι
866 2105 982 2152 πιςοὶ
1016 2105 1062 2145 ἐν
1095 2104 1370 2159 ἀνθρώποισι
1403 2107 1653 2163 βιαίοις,

473 2175 572 2217 οὐδὲ
605 2179 732 2227 θεοὺς
764 2178 903 2227 οὐδεὶς·
934 2180 1085 2229 ἅζεται
1115 2180 1396 2231 ἀθανάτους·

298 2245 367 2288 ubi
410 2247 451 2290 in
496 2248 610 2291 libris
651 2256 714 2292 est
759 2253 1004 2301 δίκαιοι.
1055 2268 1155 2309 quae
1200 2255 1321 2298 verba
1360 2257 1619 2314 excipiuntur
1658 2258 1791 2313 hisce,

296 2323 543 2380 depravatis,
577 2326 610 2367 si
644 2327 741 2383 quid
773 2328 909 2381 video,
941 2334 982 2372 et
1013 2330 1133 2386 ipsis:

384 2401 659 2460 εὐσεβέων
693 2405 726 2447 δ’
747 2406 920 2461 ἀνδρῶν
954 2409 1078 2460 γένος
1109 2410 1314 2463 ἔφθιται,
1347 2411 1446 2455 οὐδὲ
1479 2411 1661 2468 θέμιςας
1707 2433 1717 2443 ·

382 2480 575 2523 οὐκέτι
607 2485 891 2534 γιγνώσκουσ’
915 2485 1011 2528 οὐδὲ
1043 2489 1121 2539 μὲν
1156 2487 1434 2544 εὐσεβίας.

293 2552 358 2594 Sic
401 2554 508 2596 enim
551 2555 746 2611 scriptum
790 2565 834 2600 ut
876 2558 998 2601 hodie
1039 2559 1242 2613 scribitur,
1282 2561 1358 2604 hoc
1391 2562 1596 2605 distichon
1625 2564 1787 2621 egregio

293 2633 410 2685 poeta
442 2654 498 2661 -—
530 2645 651 2686 quem
683 2633 958 2690 Theognidem
992 2651 1100 2688 esse,
1137 2637 1239 2681 nihil
1267 2645 1329 2681 est
1349 2639 1457 2695 quod
1478 2638 1709 2683 dubitemus
1727 2665 1785 2676 —

292 2704 618 2762 indignissimum
663 2724 747 2752 esse
788 2711 950 2762 iudico,
999 2715 1230 2768 praesertim
1276 2716 1519 2771 praegressis
1551 2716 1650 2761 illis:
1683 2719 1782 2763 οὐδὲ

290 2787 389 2834 θεὸς
431 2785 569 2835 οὐδεὶς
612 2788 762 2837 ἅζεται
805 2792 1049 2841 ἀθανάτοις
1061 2823 1072 2841 ,
1113 2791 1262 2847 quibus
1303 2792 1529 2848 aequalium
1573 2792 1782 2837 hominum

290 2852 542 2917 dvooe'ssu‘av
570 2860 650 2903 iam
679 2863 970 2918 exagitaverat.
1019 2867 1059 2908 Si
1087 2882 1148 2909 me
1169 2868 1310 2920 audis,
1332 2866 1556 2910 arctissime
1578 2868 1781 2925 iungenda

289 2940 386 2978 sunt
419 2936 558 2980 verba:
592 2939 689 2983 οὐδὲ
728 2944 851 2992 θεούς
877 2967 930 2973 -—
953 2944 1157 2997 ἔφθιται,
1192 2943 1339 2988 deinde
1361 2957 1453 2986 vero
1475 2943 1778 3002 corrigendum:
