1890 3294
983 229 1037 270 26

264 346 337 391 der
378 349 499 407 Mey,
541 367 583 395 se
624 355 703 410 δῆν
745 354 892 411 legisse
934 358 1160 413 profitetur.
1224 361 1304 404 Sed
1340 365 1482 420 procul
1513 365 1638 410 dnbio
1669 366 1759 411 reii-

264 425 406 469 cienda
437 427 730 474 Schneidewini
761 434 992 478 coniectura
1023 437 1133 494 λῆμ’,
1166 453 1242 481 nec
1271 439 1400 483 multo
1429 457 1493 485 me
1514 442 1645 487 iudice
1664 458 1758 502 pro·

262 502 436 547 habilius
456 510 532 556 est,
556 508 663 563 quod
685 508 728 551 iu
751 511 868 554 tertia
890 511 1071 556 editione
1093 513 1144 556 de
1165 530 1236 558 suo
1258 516 1410 573 recepit
1434 517 1594 574 Bergkz
1615 521 1754 578 ἔριδος

259 581 408 639 δῆριν
442 587 766 640 ἐρυκόμενοι,
798 602 923 644 quum
956 591 1189 646 praesertim
1218 592 1429 648 aliquanto
1450 594 1584 638 lenius
1602 596 1751 653 possis:

555 663 751 719 ἀλλήλων
785 667 924 722 ἔριδος
957 668 1085 725 δηὶν
1119 674 1470 726 ἐρυκόμενοι·

316 737 534 782 Exstitisse
575 741 683 784 enim
715 743 813 785 olim
845 743 1082 787 vocabulum
1115 746 1234 803 δηίς,
1280 751 1368 789 tum
1400 753 1566 804 apparet
1597 763 1620 791 e
1649 748 1752 793 deri·

259 814 362 856 vatis
393 817 536 871 δήιος,
572 818 833 875 δηιάλωτος,
870 822 1138 878 Δηιδάμεια,
1173 823 1342 880 aliisque
1372 823 1533 875 multis,
1560 829 1647 868 tum
1668 829 1751 868 tes·

257 894 397 934 tantur
428 892 702 938 Grammatici.

317 968 504 1013 Fortasse
536 971 598 1014 vel
630 986 676 1014 eo
710 973 898 1030 progredi
929 973 1048 1025 licet,
1083 979 1153 1026 ut,
1176 990 1227 1018 ne
1248 976 1368 1021 litera
1388 977 1550 1034 quidem
1573 982 1747 1031 mutata,

256 1045 484 1103 Theognidi
516 1048 619 1092 hanc
649 1049 897 1094 vindicemus
928 1051 1169 1095 lectionem:

463 1126 661 1181 ἀλλήλων
694 1129 834 1184 ἔριδος
867 1129 966 1185 δῇν
999 1131 1436 1187 οἷπερυκόμενοι.

316 1200 513 1245 Similiter
545 1203 651 1246 enim
687 1206 803 1261 δήιος
835 1205 1009 1248 subinde
1041 1207 1314 1260 contrahitur,
1349 1222 1386 1251 v.
1419 1223 1454 1251 c.
1486 1222 1544 1252 νε.
1577 1210 1680 1253 552:

494 1281 607 1338 δῄων
641 1287 722 1338 γάρ
755 1282 834 1338 σφ’
866 1283 1038 1339 ἀνδρῶν
1070 1287 1293 1330 ἀντιάσειν
1328 1286 1472 1330 δοκέω.

286 1354 355 1397 Vs.
373 1357 454 1398 511
475 1371 561 1414 sqq.
597 1350 772 1409 ³Hzezg
783 1361 848 1414 δή,
863 1360 1112 1415 Κλεάριστε,
1129 1365 1277 1419 βαθύν
1297 1364 1370 1406 διὰ
1388 1368 1548 1410 πόντον
1561 1366 1748 1416 οὲνιΙσσας

343 1436 494 1479 ἐνθάδ’
531 1435 598 1480 ἐπ’
632 1437 759 1481 οὐδὲν
799 1438 957 1495 ἔχοντ’,
993 1434 1026 1481 ὦ
1060 1437 1226 1490 τάλαν,
1262 1440 1389 1484 οὐδὲν
1425 1442 1558 1498 ἔχων·

343 1517 443 1569 νηός
474 1531 540 1558 τοι
574 1515 807 1575 πλευρῇσιν
843 1517 926 1559 ὑπὸ
961 1516 1071 1568 ζυγὰ
1106 1521 1292 1571 θήσομεν
1327 1523 1465 1572 ἡμεῖς,

345 1588 641 1646 [Kisamon]
677 1590 732 1634 οἷ’
770 1593 922 1648 ἔχομεν
957 1590 1054 1649 χοῖα
1082 1592 1246 1636 διδοῦσι
1281 1597 1390 1637 θεοί.

316 1663 443 1707 Verba
474 1666 527 1710 οἷ’
561 1668 711 1726 ἔχομεν
746 1673 831 1712 κτὲ.
865 1682 947 1710 non
970 1667 1140 1719 habent,
1174 1667 1279 1710 unde
1301 1668 1523 1724 pendeant,
1548 1674 1589 1712 et
1608 1669 1747 1727 inepte

251 1746 332 1783 tam
381 1742 491 1785 brevi
537 1743 748 1787 intervallo
801 1759 947 1786 nomen
990 1745 1198 1800 proprium
1243 1746 1459 1802 repetitum
1499 1750 1573 1790 esti
1637 1745 1748 1789 Hine

250 1818 459 1874 antiquam
490 1819 674 1862 lacunam
707 1837 730 1863 a
760 1820 945 1874 librario,
977 1822 1049 1867 οἶα
1082 1838 1171 1865 cum
1203 1838 1437 1880 praegresso
1470 1827 1580 1878 ζυγά
1605 1823 1746 1867 oohae·

249 1909 334 1937 rere
380 1896 584 1949 credenti,
631 1898 729 1940 olim
774 1898 874 1941 male
917 1899 1120 1955 expletam
1162 1916 1247 1943 esse
1291 1901 1418 1943 facilis
1458 1906 1520 1942 est
1559 1900 1746 1957 suspicio.

248 1972 447 2030 Equidem
479 1975 773 2031 suppleverim:

307 2054 465 2094 ἔσται
496 2052 533 2096 δ’
563 2051 618 2096 οἷ’
643 2054 793 2112 ἔχομεν
828 2058 913 2098 κτὲ.
946 2053 1036 2096 vel:
1070 2054 1242 2109 λήψει
1270 2052 1311 2098 δ’
1341 2052 1395 2098 οἷ’
1426 2056 1579 2112 ἔχομεν
1615 2058 1707 2099 ιιι-ἑ.

248 2126 380 2169 Aliter
410 2127 560 2184 Bergk,
597 2129 662 2171 cui
696 2129 808 2172 locus
848 2130 890 2172 in
923 2129 1074 2172 arctius
1108 2130 1294 2172 redactus
1324 2145 1410 2173 esse
1441 2130 1613 2174 videtur.
1683 2130 1747 2174 De

249 2204 509 2260 sequentibus
540 2205 603 2262 egi
636 2221 756 2262 supra
789 2221 878 2262 pag.
913 2210 954 2248 4.

307 2282 376 2325 Vs.
413 2285 494 2324 542
530 2283 775 2326 deteriorum
807 2284 1001 2327 librorum
1033 2284 1276 2340 scripturam
1306 2283 1431 2340 ὀλέσῃ
1470 2287 1580 2326 recte
1602 2282 1740 2339 sequi·

248 2364 314 2401 tus
347 2359 547 2416 Hartung.
583 2360 689 2403 Vide
722 2361 842 2403 etiam
875 2361 1039 2418 Meyum
1071 2375 1109 2417 p.
1146 2363 1185 2404 9.

310 2435 378 2478 Vs.
415 2437 498 2479 549
531 2452 614 2493 sq.:
647 2439 887 2493 ἄγγελος
916 2443 1214 2492 ἄφθογγος
1245 2438 1431 2493 πόλεμον
1463 2436 1740 2493 πολύδακρυν

1511 2517 1680 2571 ἐγείρει,

308 2589 452 2646 Κιίρν’,
489 2593 592 2634 ἀπὸ
625 2593 942 2648 τηλαυγέος
975 2597 1326 2647 φαινόμενος
1353 2597 1591 2645 σκοπιῆς.

307 2666 366 2707 Ex
399 2666 554 2708 ultimis
596 2683 697 2723 quae
739 2668 932 2725 adscripsi
978 2667 1112 2710 verbis
1153 2674 1319 2724 apparet
1350 2671 1459 2709 recte
1490 2666 1568 2708 iam
1599 2664 1742 2708 Came·

249 2743 400 2784 tarium
432 2744 698 2797 intellexisse,
733 2746 852 2788 verba
882 2747 1065 2799 ἄγγελος
1085 2750 1311 2799 ἄφθογγος
1333 2748 1512 2799 spectare
1534 2742 1650 2799 signa
1670 2756 1743 2799 per

250 2818 353 2860 faces
388 2821 604 2877 (πυρσοιίς)
639 2822 754 2863 datas
786 2828 826 2865 et
857 2822 943 2865 falli
966 2821 1220 2864 Welckerum
1243 2822 1292 2863 de
1315 2821 1474 2877 pulvere
1496 2819 1742 2875 cogitantem

250 2903 413 2950 propter
454 2897 541 2939 loca
584 2899 802 2954 Aeschylea
842 2900 951 2955 Sept.
986 2901 1035 2941 81
1073 2905 1115 2941 et
1148 2899 1286 2956 Suppl.
1324 2899 1422 2941 179.
1466 2898 1530 2940 De
1561 2912 1618 2940 vs.
1653 2898 1738 2939 552

253 2971 342 3014 vide
376 2979 515 3016 notata
547 2974 596 3015 ad
628 2991 683 3016 vs.
721 2977 820 3019 494.
