1890 3294
1019 201 1072 246 12

301 299 448 349 clarius
480 311 682 358 testantur
711 317 798 362 eius
831 323 974 369 verba:
1005 333 1112 387 ᾤετο
1145 338 1226 390 γὰρ
1259 341 1356 384 οὔτε
1390 345 1630 403 ἄνθρωπον
1662 355 1789 398 οὔτε

301 387 407 427 τῶν
444 387 631 436 ἄλλων
670 397 835 443 οὐδὲν
873 407 930 448 ἂν
961 407 1136 459 (ἰγαθόν
1169 410 1300 468 εἶναι,
1333 421 1380 460 εἶ
1407 425 1473 476 μὴ
1506 427 1567 468 τὰ
1598 436 1789 486 γεννή-

297 473 468 504 σοντα
499 467 685 519 α’γαθά
718 476 804 531 εἴη
837 485 918 523 xvi.
952 481 1223 543 Tenduntque
1255 492 1393 536 eodem
1423 497 1542 541 verba
1564 500 1786 550 Horatiana

295 532 372 576 Od.
406 536 480 582 IV.
514 543 563 585 4:
597 554 654 587 est
676 548 727 591 >in
758 551 944 609 iuvencis,
980 568 1038 602 est
1065 562 1108 604 in
1139 566 1247 622 equis
1270 578 1442 625 patrum
1472 575 1594 620 m'rtm
1621 588 1710 624 oeus

353 612 421 658 Vs.
460 620 541 662 227
577 636 686 680 sqq.=

407 694 614 743 Πλούτου
647 703 686 746 δ’
713 707 839 752 οὐδὲν
873 711 1004 767 τέρμα
1036 722 1310 775 πεφασμένον
1342 728 1663 786 ἀνθρώποισιν·

406 773 448 812 οἳ
478 777 558 829 γὰρ
593 785 669 823 νῦν
703 787 821 836 ἡμῶν
853 787 1030 840 πλεΐςον
1062 794 1205 849 ἔχουσι
1238 801 1355 855 βίον,

403 847 631 897 διπλάσιον
664 861 908 906 σπεύδουσι·
941 869 1006 918 τίς
1036 873 1093 914 ἂν
1128 875 1339 928 κορέσειεν
1370 882 1654 940 ἅπανταςς
1688 897 1774 936 ιιι-ἑ.

342 919 392 962 Iu
425 923 486 966 his
519 926 678 973 Solonis
711 936 913 991 versibus,
958 943 1026 998 qui
1059 950 1105 988 ut
1137 947 1259 992 huius
1289 953 1538 1015 aliorumque
1565 968 1772 1018 poetarum

279 999 469 1050 permulti
518 1003 744 1052 intermixti
790 1012 983 1070 leguntur
1027 1020 1070 1064 in
1110 1023 1370 1082 Theognidea
1412 1032 1635 1092 farragine,
1684 1042 1772 1086 iure

277 1071 458 1118 homines
492 1079 629 1125 doctos
658 1086 828 1132 offendit
848 1106 967 1136 sensu
990 1111 1156 1142 vacuum
1180 1102 1278 1146 illud
1311 1110 1584 1166 ἅπαντας.
1618 1115 1768 1163 Verum

274 1163 403 1207 neque
445 1158 718 1216 πένητας,
769 1169 876 1222 quod
920 1172 1102 1227 Ahrens‚
1147 1193 1295 1236 neque,
1339 1186 1446 1240 quod
1486 1188 1634 1235 leniter
1672 1209 1768 1240 sane

272 1223 488 1273 Doederlin
526 1236 721 1291 coniecit,
769 1247 942 1299 κορέσει’
974 1251 1073 1296 ἕνα
1105 1262 1330 1312 πάντως
1361 1266 1590 1310 sententiae
1622 1284 1767 1316 eonve-

269 1302 356 1345 nire
399 1311 603 1364 propalam
646 1321 713 1358 est.
785 1319 871 1376 Ego
914 1339 993 1368 non
1038 1329 1179 1374 dubito
1223 1337 1321 1393 quin
1363 1340 1404 1384 in
1438 1348 1769 1398 AHANTAO

268 1378 396 1424 lateat
439 1392 841 1441 AHAHCTOYC:
889 1404 952 1452 τίς
994 1407 1051 1448 ἂν
1085 1411 1294 1464 κορέσειεν
1328 1419 1646 1475 α’πλήςουω
1674 1428 1764 1484 qm'e

263 1461 431 1504 satiabit
460 1465 737 1516 insatiabiles?
768 1476 867 1520 Mox
899 1494 955 1523 vs.
991 1484 1073 1525 232
1107 1500 1178 1541 pro
1211 1496 1570 1550 τειρομένοις
1599 1503 1761 1558 egregie

263 1544 572 1601 τισομένην
607 1547 755 1594 habent
791 1554 883 1598 libri
914 1557 1075 1603 Stobaei
1097 1562 1200 1607 Flor.
1227 1566 1289 1610 IX
1314 1572 1391 1621 25,
1426 1587 1558 1630 neque
1579 1576 1757 1625 indidem
1828 1632 1830 1636 ‚

259 1615 518 1667 praeferenda
566 1638 644 1668 non
693 1634 754 1670 est
800 1634 999 1689 scriptura
1049 1642 1244 1696 ἡμέων,
1282 1659 1377 1688 num
1417 1649 1752 1710 διπλασίως,

257 1688 413 1737 dubito,
477 1696 673 1744 Consulto
696 1705 882 1764 pleraque
908 1711 1144 1759 immutasse
1166 1718 1515 1778 Theognideorum
1539 1732 1752 1778 concinna-

254 1770 378 1810 torem
427 1786 505 1816 non
555 1778 672 1822 eredo
720 1782 917 1842 Bergkio;
961 1791 993 1832 si
1041 1792 1222 1848 fecisset,
1265 1798 1383 1856 longe
1431 1804 1570 1859 plura,
1605 1811 1749 1865 oredo,

253 1850 470 1902 mutasset,
511 1858 556 1894 ut
588 1856 846 1914 aliquatenus
883 1871 988 1909 certe
1025 1869 1132 1913 fraus
1163 1871 1288 1916 latere
1321 1882 1463 1931 posset.
1527 1882 1581 1925 Et
1614 1903 1747 1943 τειρο·

248 1923 394 1977 μένοις
427 1929 588 1984 quidem
622 1949 745 1991 aeque
778 1939 958 1997 ineptum
992 1950 1054 1988 est
1084 1961 1202 2003 quam
1235 1957 1371 2006 aptum
1406 1960 1652 2020 τισομένην.

310 2001 379 2046 Vs,
414 2007 498 2050 235
534 2024 590 2065 sq.
623 2011 824 2059 lenissima
856 2022 1085 2066 mutatione
1115 2026 1174 2068 sic
1205 2037 1374 2084 possunt
1405 2035 1587 2080 restituit

304 2081 430 2126 οὐδὲν
462 2086 545 2129 ε”τι
574 2091 774 2143 πρέπει
803 2089 950 2149 ἧμιν,
981 2100 1050 2143 ἅτ’
1083 2104 1263 2160 α’νδράσι
1296 2111 1612 2167 σωζομένοισιν,

302 2158 419 2201 ἀλλ’
446 2164 546 2206 ὅσα
578 2171 724 2225 πάγχυ
756 2171 901 2223 πόλει,
935 2180 1091 2232 Κύρνε,
1126 2181 1388 2242 ἁλωσομένῃ.

241 2232 340 2274 nihil
374 2235 414 2288 (i.
450 2252 470 2278 e
504 2248 770 2301 nequaquam)
805 2251 978 2305 amplius
1009 2269 1080 2295 nos
1111 2257 1251 2300 decent
1281 2276 1385 2317 quae
1418 2264 1601 2324 (decent)
1630 2269 1736 2314 virve

239 2310 386 2361 salvos,
436 2316 507 2355 sed
545 2303 803 2379 quaecunque
847 2326 1024 2386 (decent)
1067 2333 1222 2385 urbem,
1272 2337 1420 2393 Cyme,
1477 2359 1582 2399 quae
1622 2346 1735 2390 haud

238 2385 355 2428 dubie
394 2395 695 2447 ezpuynabitur.
762 2400 1020 2458 Reliquorum
1058 2410 1306 2455 coniecturas
1348 2417 1438 2459 vide
1468 2420 1575 2475 apud
1612 2422 1730 2479 Berg-

238 2460 360 2505 kium.
398 2465 643 2512 Mutinensis
677 2473 796 2518 habet
828 2483 1124 2538 ἐπιτρέπει
1157 2496 1288 2544 ἡμῖν
1322 2495 1468 2537 ἅτ’θῢ
1497 2498 1724 2552 diffie,

235 2544 361 2581 cetera
396 2543 526 2597 plane.
562 2552 606 2588 ut
639 2564 713 2604 ego
746 2554 896 2609 scripsi.
933 2558 1110 2604 Verbum
1143 2565 1373 2623 ἁλίσκομαι
1409 2570 1592 2616 habuisse
1627 2575 1722 2619 olim

234 2614 432 2670 digamma
476 2635 591 2663 nemo
633 2625 709 2668 iam
756 2629 925 2675 dubitat.
993 2634 1095 2679 Vide
1140 2654 1174 2682 v.
1213 2657 1244 2683 c.
1284 2644 1399 2688 Iliad.
1440 2646 1502 2690 IX
1538 2650 1624 2691 592
1656 2651 1718 2695 ed.

232 2689 399 2736 Bekker.
465 2696 598 2748 Quare
642 2702 742 2745 nihil
786 2713 844 2747 est
887 2711 991 2765 quod
1037 2714 1075 2755 in
1121 2717 1257 2761 codice
1298 2727 1435 2778 Κύρνε
1469 2725 1718 2786 ἁλωσομὲαη

231 2768 422 2823 scriptum
455 2780 610 2817 exstare
645 2780 843 2826 miremur.
1526 2811 1530 2814 ’

290 2843 358 2886 Vs.
394 2849 474 2891 237
510 2866 594 2908 sqq.
628 2861 691 2899 σοὶ
723 2863 801 2913 μὲν
835 2865 918 2915 ἐγὼ
950 2866 1070 2920 πτέρ’
1094 2871 1232 2916 ε”δωκα
1267 2879 1351 2919 nri.

287 2920 401 2965 Licet
430 2930 471 2967 et
501 2942 575 2983 ego
609 2930 789 2977 dubitem
821 2951 909 2981 cum
946 2939 1220 3001 Bernhardyo,
1253 2949 1316 2991 cui
1339 2965 1528 2997 assensus
1550 2963 1610 2999 est
1631 2972 1711 3001 van
