<?xml version="1.0" encoding="UTF-8"?>
<!DOCTYPE html PUBLIC "-//W3C//DTD XHTML 1.0 Transitional//EN"
    "http://www.w3.org/TR/xhtml1/DTD/xhtml1-transitional.dtd">
<html xmlns="http://www.w3.org/1999/xhtml" xml:lang="en" lang="en">
 <head>
  <title>
</title>
<meta http-equiv="Content-Type" content="text/html;charset=utf-8" />
  <meta name='ocr-system' content='tesseract 3.04.00' />
  <meta name='ocr-capabilities' content='ocr_page ocr_carea ocr_par ocr_line ocrx_word'/>
</head>
<body>
  <div class='ocr_page' id='page_1' title='image "./animadversionesp00herwuoft/animadversionesp00herwuoft_0070.png"; bbox 0 0 1890 3294; ppageno 0'>
   <div class='ocr_carea' id='block_1_1' title="bbox 1011 219 1065 262">
    <p class='ocr_par' dir='ltr' id='par_1_1' title="bbox 1011 219 1065 262">
     <span class='ocr_line' id='line_1_1' title="bbox 1011 219 1065 262; baseline 0.019 -1"><span class='ocrx_word' id='word_1_1' title='bbox 1011 219 1065 262; x_wconf 81' lang='lat'>56</span> 
     </span>
    </p>
   </div>
   <div class='ocr_carea' id='block_1_2' title="bbox 289 336 1784 1476">
    <p class='ocr_par' dir='ltr' id='par_1_2' title="bbox 291 336 1784 713">
     <span class='ocr_line' id='line_1_2' title="bbox 291 336 1781 405; baseline 0.011 -26"><span class='ocrx_word' id='word_1_2' title='bbox 291 336 546 381; x_wconf 82' lang='lat' dir='ltr'>scribendum</span> <span class='ocrx_word' id='word_1_3' title='bbox 577 339 732 383; x_wconf 81' lang='lat' dir='ltr'>iudicat</span> <span class='ocrx_word' id='word_1_4' title='bbox 759 343 935 398; x_wconf 71' lang='grc' dir='ltr'><strong><em>ᾱόαής,</em></strong></span> <span class='ocrx_word' id='word_1_5' title='bbox 952 343 1090 399; x_wconf 86' lang='lat' dir='ltr'>procul</span> <span class='ocrx_word' id='word_1_6' title='bbox 1113 343 1235 389; x_wconf 90' lang='lat' dir='ltr'>dubio</span> <span class='ocrx_word' id='word_1_7' title='bbox 1257 345 1492 404; x_wconf 78' lang='lat' dir='ltr'><strong>depravaret</strong></span> <span class='ocrx_word' id='word_1_8' title='bbox 1513 351 1781 405; x_wconf 77' lang='lat' dir='ltr'>sententiam,</span> 
     </span>
     <span class='ocr_line' id='line_1_3' title="bbox 292 415 1784 488; baseline 0.012 -32"><span class='ocrx_word' id='word_1_9' title='bbox 292 430 392 471; x_wconf 87' lang='lat' dir='ltr'>quae</span> <span class='ocrx_word' id='word_1_10' title='bbox 415 415 512 458; x_wconf 87' lang='lat' dir='ltr'>haec</span> <span class='ocrx_word' id='word_1_11' title='bbox 533 421 614 459; x_wconf 84' lang='lat' dir='ltr'>est:</span> <span class='ocrx_word' id='word_1_12' title='bbox 637 417 706 475; x_wconf 82' lang='lat' dir='ltr'>qui</span> <span class='ocrx_word' id='word_1_13' title='bbox 731 419 868 475; x_wconf 63' lang='lat' dir='ltr'>turpia</span> <span class='ocrx_word' id='word_1_14' title='bbox 888 434 959 463; x_wconf 82' lang='lat' dir='ltr'>nec</span> <span class='ocrx_word' id='word_1_15' title='bbox 975 419 1111 478; x_wconf 80' lang='lat' dir='ltr'>faciat</span> <span class='ocrx_word' id='word_1_16' title='bbox 1130 437 1202 466; x_wconf 82' lang='lat' dir='ltr'>nec</span> <span class='ocrx_word' id='word_1_17' title='bbox 1214 425 1414 480; x_wconf 65' lang='lat' dir='ltr'>patiatur,</span> <span class='ocrx_word' id='word_1_18' title='bbox 1429 427 1472 469; x_wconf 83' lang='lat' dir='ltr'>in</span> <span class='ocrx_word' id='word_1_19' title='bbox 1493 441 1539 470; x_wconf 81' lang='lat' dir='ltr'>eo</span> <span class='ocrx_word' id='word_1_20' title='bbox 1553 427 1784 488; x_wconf 74' lang='lat' dir='ltr'><strong><em>perfectam</em></strong></span> 
     </span>
     <span class='ocr_line' id='line_1_4' title="bbox 292 492 1782 560; baseline 0.01 -24"><span class='ocrx_word' id='word_1_21' title='bbox 292 506 376 536; x_wconf 68' lang='lat' dir='ltr'>esee</span> <span class='ocrx_word' id='word_1_22' title='bbox 403 492 599 536; x_wconf 76' lang='lat' dir='ltr'>virtutem.</span> <span class='ocrx_word' id='word_1_23' title='bbox 662 494 826 551; x_wconf 79' lang='lat' dir='ltr'>Optime</span> <span class='ocrx_word' id='word_1_24' title='bbox 857 501 991 541; x_wconf 84' lang='lat' dir='ltr'>autem</span> <span class='ocrx_word' id='word_1_25' title='bbox 1023 499 1121 542; x_wconf 82' lang='lat' dir='ltr'>haec</span> <span class='ocrx_word' id='word_1_26' title='bbox 1151 502 1354 546; x_wconf 80' lang='lat' dir='ltr'>sententia</span> <span class='ocrx_word' id='word_1_27' title='bbox 1385 504 1556 560; x_wconf 77' lang='lat' dir='ltr'><strong>quadrat</strong></span> <span class='ocrx_word' id='word_1_28' title='bbox 1588 519 1678 549; x_wconf 87' lang='lat' dir='ltr'>cum</span> <span class='ocrx_word' id='word_1_29' title='bbox 1709 521 1782 550; x_wconf 90' lang='lat' dir='ltr'>no-</span> 
     </span>
     <span class='ocr_line' id='line_1_5' title="bbox 295 569 1780 639; baseline 0.012 -29"><span class='ocrx_word' id='word_1_30' title='bbox 295 569 406 611; x_wconf 82' lang='lat' dir='ltr'>tione</span> <span class='ocrx_word' id='word_1_31' title='bbox 425 570 577 612; x_wconf 68' lang='lat' dir='ltr'>virtutis</span> <span class='ocrx_word' id='word_1_32' title='bbox 597 570 867 628; x_wconf 87' lang='lat' dir='ltr'>Theognidea‚</span> <span class='ocrx_word' id='word_1_33' title='bbox 886 588 988 630; x_wconf 86' lang='lat' dir='ltr'>quae</span> <span class='ocrx_word' id='word_1_34' title='bbox 1009 590 1089 618; x_wconf 87' lang='lat' dir='ltr'>non</span> <span class='ocrx_word' id='word_1_35' title='bbox 1113 581 1269 621; x_wconf 83' lang='lat' dir='ltr'>tantum</span> <span class='ocrx_word' id='word_1_36' title='bbox 1289 595 1408 623; x_wconf 86' lang='lat' dir='ltr'>sensu</span> <span class='ocrx_word' id='word_1_37' title='bbox 1430 581 1564 625; x_wconf 85' lang='lat' dir='ltr'>activo</span> <span class='ocrx_word' id='word_1_38' title='bbox 1583 582 1780 639; x_wconf 78' lang='lat' dir='ltr'>gaudeat,</span> 
     </span>
     <span class='ocr_line' id='line_1_6' title="bbox 291 647 1425 713; baseline 0.011 -26"><span class='ocrx_word' id='word_1_39' title='bbox 291 660 428 689; x_wconf 85' lang='lat' dir='ltr'>verum</span> <span class='ocrx_word' id='word_1_40' title='bbox 461 647 582 689; x_wconf 85' lang='lat' dir='ltr'>etiam</span> <span class='ocrx_word' id='word_1_41' title='bbox 615 648 790 703; x_wconf 84' lang='lat' dir='ltr'>passivo.</span> <span class='ocrx_word' id='word_1_42' title='bbox 855 650 960 693; x_wconf 83' lang='lat' dir='ltr'>Vide</span> <span class='ocrx_word' id='word_1_43' title='bbox 993 667 1030 695; x_wconf 87' lang='lat' dir='ltr'>v.</span> <span class='ocrx_word' id='word_1_44' title='bbox 1062 668 1094 695; x_wconf 88' lang='lat' dir='ltr'>c.</span> <span class='ocrx_word' id='word_1_45' title='bbox 1129 668 1186 696; x_wconf 86' lang='lat' dir='ltr'>vs.</span> <span class='ocrx_word' id='word_1_46' title='bbox 1221 658 1305 698; x_wconf 84' lang='lat'>653</span> <span class='ocrx_word' id='word_1_47' title='bbox 1339 671 1425 713; x_wconf 85' lang='lat' dir='ltr'><strong>sq.:</strong></span> 
     </span>
    </p>

    <p class='ocr_par' dir='ltr' id='par_1_3' title="bbox 470 725 1464 786">
     <span class='ocr_line' id='line_1_7' title="bbox 470 725 1464 786; baseline 0.013 -19"><span class='ocrx_word' id='word_1_48' title='bbox 470 725 683 781; x_wconf 79' lang='grc' dir='ltr'>εὐδαίμων</span> <span class='ocrx_word' id='word_1_49' title='bbox 717 729 810 783; x_wconf 80' lang='grc' dir='ltr'><strong><em>εἴην</em></strong></span> <span class='ocrx_word' id='word_1_50' title='bbox 845 735 962 781; x_wconf 77' lang='grc' dir='ltr'><strong><em>θεοῖς</em></strong></span> <span class='ocrx_word' id='word_1_51' title='bbox 994 730 1118 785; x_wconf 80' lang='grc' dir='ltr'><strong><em>φίλος</em></strong></span> <span class='ocrx_word' id='word_1_52' title='bbox 1150 733 1464 786; x_wconf 81' lang='grc' dir='ltr'><strong><em>α’θανάτοιοιν,</em></strong></span> 
     </span>
    </p>

    <p class='ocr_par' dir='ltr' id='par_1_4' title="bbox 472 801 1525 867">
     <span class='ocr_line' id='line_1_8' title="bbox 472 801 1525 867; baseline 0.01 -24"><span class='ocrx_word' id='word_1_53' title='bbox 472 801 619 856; x_wconf 67' lang='lat' dir='ltr'>Kzfpv&#39;,</span> <span class='ocrx_word' id='word_1_54' title='bbox 653 804 855 858; x_wconf 83' lang='grc' dir='ltr'><strong><em>οἷρετῆς</em></strong></span> <span class='ocrx_word' id='word_1_55' title='bbox 888 803 926 848; x_wconf 81' lang='grc' dir='ltr'>δ’</span> <span class='ocrx_word' id='word_1_56' title='bbox 958 806 1094 864; x_wconf 81' lang='grc' dir='ltr'><strong><em>ἄλλης</em></strong></span> <span class='ocrx_word' id='word_1_57' title='bbox 1127 808 1322 864; x_wconf 81' lang='grc' dir='ltr'>οὐδεμιῆς</span> <span class='ocrx_word' id='word_1_58' title='bbox 1354 812 1525 867; x_wconf 78' lang='grc' dir='ltr'><strong><em>ἔραμαι.</em></strong></span> 
     </span>
    </p>

    <p class='ocr_par' dir='ltr' id='par_1_5' title="bbox 289 873 1781 1476">
     <span class='ocr_line' id='line_1_9' title="bbox 351 873 1781 944; baseline 0.011 -28"><span class='ocrx_word' id='word_1_59' title='bbox 351 873 462 917; x_wconf 87' lang='lat' dir='ltr'>Hinc</span> <span class='ocrx_word' id='word_1_60' title='bbox 492 876 642 933; x_wconf 85' lang='lat' dir='ltr'>optime</span> <span class='ocrx_word' id='word_1_61' title='bbox 673 877 808 934; x_wconf 83' lang='lat' dir='ltr'><strong>Bergk</strong></span> <span class='ocrx_word' id='word_1_62' title='bbox 853 879 895 922; x_wconf 90' lang='lat' dir='ltr'>in</span> <span class='ocrx_word' id='word_1_63' title='bbox 928 880 990 924; x_wconf 86' lang='lat' dir='ltr'>ed.</span> <span class='ocrx_word' id='word_1_64' title='bbox 1022 881 1093 925; x_wconf 88' lang='lat' dir='ltr'>III</span> <span class='ocrx_word' id='word_1_65' title='bbox 1125 898 1181 927; x_wconf 88' lang='lat' dir='ltr'>vs.</span> <span class='ocrx_word' id='word_1_66' title='bbox 1215 886 1270 926; x_wconf 84' lang='lat'>30</span> <span class='ocrx_word' id='word_1_67' title='bbox 1306 886 1535 942; x_wconf 85' lang='lat' dir='ltr'>repudiavit</span> <span class='ocrx_word' id='word_1_68' title='bbox 1561 887 1781 944; x_wconf 76' lang='lat' dir='ltr'>speciosam</span> 
     </span>
     <span class='ocr_line' id='line_1_10' title="bbox 292 951 1779 1020; baseline 0.011 -27"><span class='ocrx_word' id='word_1_69' title='bbox 292 951 586 1006; x_wconf 82' lang='lat' dir='ltr'>coniecturam,</span> <span class='ocrx_word' id='word_1_70' title='bbox 617 969 688 1010; x_wconf 90' lang='lat' dir='ltr'>pro</span> <span class='ocrx_word' id='word_1_71' title='bbox 710 957 864 1012; x_wconf 76' lang='grc' dir='ltr'><strong><em>ἀρετὰς</em></strong></span> <span class='ocrx_word' id='word_1_72' title='bbox 891 956 1106 1013; x_wconf 82' lang='lat' dir='ltr'>legendnm</span> <span class='ocrx_word' id='word_1_73' title='bbox 1136 975 1221 1002; x_wconf 85' lang='lat' dir='ltr'>esse</span> <span class='ocrx_word' id='word_1_74' title='bbox 1253 964 1398 1020; x_wconf 71' lang='grc' dir='ltr'><strong><em>ἀρχάς.</em></strong></span> <span class='ocrx_word' id='word_1_75' title='bbox 1432 962 1494 1006; x_wconf 85' lang='lat' dir='ltr'>Of.</span> <span class='ocrx_word' id='word_1_76' title='bbox 1527 965 1608 1007; x_wconf 85' lang='lat'>130</span> <span class='ocrx_word' id='word_1_77' title='bbox 1632 969 1674 1007; x_wconf 88' lang='lat' dir='ltr'>et</span> <span class='ocrx_word' id='word_1_78' title='bbox 1695 967 1779 1009; x_wconf 81' lang='lat'>699</span> 
     </span>
     <span class='ocr_line' id='line_1_11' title="bbox 291 1029 1779 1096; baseline 0.009 -25"><span class='ocrx_word' id='word_1_79' title='bbox 291 1029 452 1084; x_wconf 80' lang='grc' dir='ltr'><strong><em>πλήθει</em></strong></span> <span class='ocrx_word' id='word_1_80' title='bbox 497 1030 535 1072; x_wconf 81' lang='grc' dir='ltr'>δ’</span> <span class='ocrx_word' id='word_1_81' title='bbox 573 1032 826 1088; x_wconf 69' lang='grc' dir='ltr'><strong><em>ἀνθρώποις</em></strong></span> <span class='ocrx_word' id='word_1_82' title='bbox 857 1035 1021 1091; x_wconf 72' lang='grc' dir='ltr'><strong><em>ἀρετὴ</em></strong></span> <span class='ocrx_word' id='word_1_83' title='bbox 1065 1040 1163 1092; x_wconf 82' lang='grc' dir='ltr'><strong><em>μία</em></strong></span> <span class='ocrx_word' id='word_1_84' title='bbox 1196 1041 1391 1092; x_wconf 80' lang='grc' dir='ltr'><strong><em>γίγνεται</em></strong></span> <span class='ocrx_word' id='word_1_85' title='bbox 1421 1041 1520 1096; x_wconf 81' lang='grc' dir='ltr'><strong><em>ἣδε,</em></strong></span> <span class='ocrx_word' id='word_1_86' title='bbox 1560 1041 1779 1088; x_wconf 76' lang='grc' dir='ltr'><strong><em>πλουτεῖν.</em></strong></span> 
     </span>
     <span class='ocr_line' id='line_1_12' title="bbox 291 1103 1780 1176; baseline 0.011 -31"><span class='ocrx_word' id='word_1_87' title='bbox 291 1103 468 1147; x_wconf 81' lang='lat' dir='ltr'>Divitias</span> <span class='ocrx_word' id='word_1_88' title='bbox 516 1105 711 1150; x_wconf 81' lang='lat' dir='ltr'>virtutem</span> <span class='ocrx_word' id='word_1_89' title='bbox 755 1123 839 1151; x_wconf 86' lang='lat' dir='ltr'>esse</span> <span class='ocrx_word' id='word_1_90' title='bbox 883 1110 1049 1154; x_wconf 86' lang='lat' dir='ltr'>minime</span> <span class='ocrx_word' id='word_1_91' title='bbox 1090 1118 1209 1170; x_wconf 86' lang='lat' dir='ltr'>negat</span> <span class='ocrx_word' id='word_1_92' title='bbox 1248 1120 1387 1171; x_wconf 85' lang='lat' dir='ltr'>poeta,</span> <span class='ocrx_word' id='word_1_93' title='bbox 1437 1116 1507 1159; x_wconf 81' lang='lat' dir='ltr'>sed</span> <span class='ocrx_word' id='word_1_94' title='bbox 1552 1117 1629 1161; x_wconf 87' lang='lat' dir='ltr'>hoc</span> <span class='ocrx_word' id='word_1_95' title='bbox 1658 1122 1780 1176; x_wconf 80' lang='lat' dir='ltr'>negat</span> 
     </span>
     <span class='ocr_line' id='line_1_13' title="bbox 289 1177 1779 1252; baseline 0.011 -29"><span class='ocrx_word' id='word_1_96' title='bbox 289 1182 451 1224; x_wconf 77' lang='lat' dir='ltr'>unicam</span> <span class='ocrx_word' id='word_1_97' title='bbox 479 1177 563 1225; x_wconf 83' lang='lat' dir='ltr'>esse</span> <span class='ocrx_word' id='word_1_98' title='bbox 593 1183 798 1228; x_wconf 87' lang='lat' dir='ltr'>virtutem.</span> <span class='ocrx_word' id='word_1_99' title='bbox 830 1185 894 1229; x_wconf 88' lang='lat' dir='ltr'>Cf.</span> <span class='ocrx_word' id='word_1_100' title='bbox 928 1188 1027 1230; x_wconf 88' lang='lat'>971.</span> <span class='ocrx_word' id='word_1_101' title='bbox 1081 1189 1140 1232; x_wconf 90' lang='lat' dir='ltr'>Ut</span> <span class='ocrx_word' id='word_1_102' title='bbox 1171 1190 1291 1234; x_wconf 84' lang='lat' dir='ltr'>verbo</span> <span class='ocrx_word' id='word_1_103' title='bbox 1322 1191 1468 1246; x_wconf 84' lang='lat' dir='ltr'>dicam,</span> <span class='ocrx_word' id='word_1_104' title='bbox 1499 1197 1624 1252; x_wconf 72' lang='grc' dir='ltr'><strong><em>ἀρετή</em></strong></span> <span class='ocrx_word' id='word_1_105' title='bbox 1641 1210 1779 1239; x_wconf 81' lang='lat' dir='ltr'>secun-</span> 
     </span>
     <span class='ocr_line' id='line_1_14' title="bbox 292 1258 1780 1327; baseline 0.01 -27"><span class='ocrx_word' id='word_1_106' title='bbox 292 1258 385 1301; x_wconf 90' lang='lat' dir='ltr'>dum</span> <span class='ocrx_word' id='word_1_107' title='bbox 418 1260 698 1316; x_wconf 80' lang='lat' dir='ltr'>Theognidem</span> <span class='ocrx_word' id='word_1_108' title='bbox 729 1261 924 1306; x_wconf 84' lang='lat' dir='ltr'>latissime</span> <span class='ocrx_word' id='word_1_109' title='bbox 958 1269 1091 1321; x_wconf 81' lang='lat' dir='ltr'>patet,</span> <span class='ocrx_word' id='word_1_110' title='bbox 1124 1267 1272 1324; x_wconf 85' lang='lat' dir='ltr'>quippe</span> <span class='ocrx_word' id='word_1_111' title='bbox 1309 1283 1412 1325; x_wconf 83' lang='lat' dir='ltr'>quae</span> <span class='ocrx_word' id='word_1_112' title='bbox 1432 1275 1588 1327; x_wconf 82' lang='lat' dir='ltr'>praeter</span> <span class='ocrx_word' id='word_1_113' title='bbox 1607 1270 1780 1315; x_wconf 77' lang='lat' dir='ltr'>virtutes</span> 
     </span>
     <span class='ocr_line' id='line_1_15' title="bbox 289 1336 1779 1410; baseline 0.012 -34"><span class='ocrx_word' id='word_1_114' title='bbox 289 1336 452 1392; x_wconf 81' lang='lat' dir='ltr'>proprie</span> <span class='ocrx_word' id='word_1_115' title='bbox 483 1337 541 1378; x_wconf 85' lang='lat' dir='ltr'>ita</span> <span class='ocrx_word' id='word_1_116' title='bbox 573 1337 702 1380; x_wconf 85' lang='lat' dir='ltr'>dictas</span> <span class='ocrx_word' id='word_1_117' title='bbox 735 1339 941 1384; x_wconf 86' lang='lat' dir='ltr'>contineat</span> <span class='ocrx_word' id='word_1_118' title='bbox 971 1342 1128 1396; x_wconf 89' lang='lat' dir='ltr'>omnia,</span> <span class='ocrx_word' id='word_1_119' title='bbox 1170 1344 1318 1400; x_wconf 88' lang='lat' dir='ltr'>quibus</span> <span class='ocrx_word' id='word_1_120' title='bbox 1349 1345 1432 1389; x_wconf 88' lang='lat' dir='ltr'>vita</span> <span class='ocrx_word' id='word_1_121' title='bbox 1462 1347 1672 1393; x_wconf 86' lang='lat' dir='ltr'>hominum</span> <span class='ocrx_word' id='word_1_122' title='bbox 1708 1353 1779 1410; x_wconf 80' lang='grc' dir='ltr'>ζη-</span> 
     </span>
     <span class='ocr_line' id='line_1_16' title="bbox 291 1412 1777 1476; baseline 0.011 -23"><span class='ocrx_word' id='word_1_123' title='bbox 291 1412 400 1467; x_wconf 81' lang='grc' dir='ltr'><strong><em>λωτή</em></strong></span> <span class='ocrx_word' id='word_1_124' title='bbox 432 1412 477 1455; x_wconf 88' lang='lat' dir='ltr'>fit</span> <span class='ocrx_word' id='word_1_125' title='bbox 508 1418 549 1455; x_wconf 84' lang='lat' dir='ltr'>et</span> <span class='ocrx_word' id='word_1_126' title='bbox 582 1413 718 1467; x_wconf 84' lang='lat' dir='ltr'>beata,</span> <span class='ocrx_word' id='word_1_127' title='bbox 750 1417 1053 1476; x_wconf 77' lang='lat' dir='ltr'>arctissimeque</span> <span class='ocrx_word' id='word_1_128' title='bbox 1083 1420 1268 1464; x_wconf 81' lang='lat' dir='ltr'>cohaeret</span> <span class='ocrx_word' id='word_1_129' title='bbox 1300 1437 1390 1466; x_wconf 88' lang='lat' dir='ltr'>cum</span> <span class='ocrx_word' id='word_1_130' title='bbox 1420 1424 1586 1468; x_wconf 89' lang='lat' dir='ltr'>notione</span> <span class='ocrx_word' id='word_1_131' title='bbox 1606 1426 1777 1470; x_wconf 85' lang='lat' dir='ltr'>vocabu-</span> 
     </span>
    </p>
   </div>
   <div class='ocr_carea' id='block_1_3' title="bbox 291 1487 1782 1622">
    <p class='ocr_par' dir='ltr' id='par_1_6' title="bbox 291 1487 1782 1622">
     <span class='ocr_line' id='line_1_17' title="bbox 291 1487 1782 1555; baseline 0.012 -26"><span class='ocrx_word' id='word_1_132' title='bbox 291 1487 420 1531; x_wconf 90' lang='lat' dir='ltr'>lorum</span> <span class='ocrx_word' id='word_1_133' title='bbox 469 1494 637 1545; x_wconf 79' lang='grc' dir='ltr'><strong><em>α’γαθός</em></strong></span> <span class='ocrx_word' id='word_1_134' title='bbox 674 1497 715 1536; x_wconf 86' lang='lat' dir='ltr'>et</span> <span class='ocrx_word' id='word_1_135' title='bbox 747 1499 875 1547; x_wconf 80' lang='grc' dir='ltr'><strong><em>κακός</em></strong></span> <span class='ocrx_word' id='word_1_136' title='bbox 908 1511 935 1538; x_wconf 92' lang='lat' dir='ltr'>s.</span> <span class='ocrx_word' id='word_1_137' title='bbox 973 1497 1110 1550; x_wconf 80' lang='grc' dir='ltr'><strong><em>δειλός</em></strong></span> <span class='ocrx_word' id='word_1_138' title='bbox 1140 1498 1247 1555; x_wconf 87' lang='lat' dir='ltr'>apud</span> <span class='ocrx_word' id='word_1_139' title='bbox 1279 1500 1465 1545; x_wconf 87' lang='lat' dir='ltr'>eundem.</span> <span class='ocrx_word' id='word_1_140' title='bbox 1528 1501 1633 1546; x_wconf 84' lang='lat' dir='ltr'>Vide</span> <span class='ocrx_word' id='word_1_141' title='bbox 1661 1503 1782 1547; x_wconf 86' lang='lat' dir='ltr'>etiam</span> 
     </span>
     <span class='ocr_line' id='line_1_18' title="bbox 297 1564 733 1622; baseline 0.016 -16"><span class='ocrx_word' id='word_1_142' title='bbox 297 1564 440 1622; x_wconf 79' lang='lat' dir='ltr'>Odyss.</span> <span class='ocrx_word' id='word_1_143' title='bbox 474 1567 602 1610; x_wconf 93' lang='lat' dir='ltr'><strong>XVII</strong></span> <span class='ocrx_word' id='word_1_144' title='bbox 634 1570 733 1615; x_wconf 76' lang='lat'><strong>322.</strong></span> 
     </span>
    </p>
   </div>
   <div class='ocr_carea' id='block_1_4' title="bbox 286 1643 1781 2785">
    <p class='ocr_par' dir='ltr' id='par_1_7' title="bbox 290 1643 1781 2008">
     <span class='ocr_line' id='line_1_19' title="bbox 350 1643 1781 1711; baseline 0.011 -26"><span class='ocrx_word' id='word_1_145' title='bbox 350 1643 491 1686; x_wconf 86' lang='lat' dir='ltr'>Eidem</span> <span class='ocrx_word' id='word_1_146' title='bbox 515 1644 602 1687; x_wconf 87' lang='lat' dir='ltr'>viro</span> <span class='ocrx_word' id='word_1_147' title='bbox 624 1646 744 1689; x_wconf 86' lang='lat' dir='ltr'>docto</span> <span class='ocrx_word' id='word_1_148' title='bbox 766 1661 848 1690; x_wconf 89' lang='lat' dir='ltr'>non</span> <span class='ocrx_word' id='word_1_149' title='bbox 869 1647 919 1690; x_wconf 86' lang='lat' dir='ltr'>ab</span> <span class='ocrx_word' id='word_1_150' title='bbox 941 1649 1049 1691; x_wconf 86' lang='lat' dir='ltr'>omni</span> <span class='ocrx_word' id='word_1_151' title='bbox 1071 1654 1183 1706; x_wconf 83' lang='lat' dir='ltr'>parte</span> <span class='ocrx_word' id='word_1_152' title='bbox 1205 1653 1403 1696; x_wconf 84' lang='lat' dir='ltr'>assentior</span> <span class='ocrx_word' id='word_1_153' title='bbox 1421 1669 1461 1711; x_wconf 89' lang='lat' dir='ltr'>p.</span> <span class='ocrx_word' id='word_1_154' title='bbox 1480 1656 1532 1697; x_wconf 83' lang='lat'>3⁷</span> <span class='ocrx_word' id='word_1_155' title='bbox 1559 1656 1781 1700; x_wconf 84' lang='lat' dir='ltr'>contrarias</span> 
     </span>
     <span class='ocr_line' id='line_1_20' title="bbox 290 1720 1778 1788; baseline 0.01 -26"><span class='ocrx_word' id='word_1_156' title='bbox 290 1734 378 1762; x_wconf 84' lang='lat' dir='ltr'>esse</span> <span class='ocrx_word' id='word_1_157' title='bbox 414 1720 519 1764; x_wconf 87' lang='lat' dir='ltr'>inter</span> <span class='ocrx_word' id='word_1_158' title='bbox 549 1736 592 1764; x_wconf 87' lang='lat' dir='ltr'>se</span> <span class='ocrx_word' id='word_1_159' title='bbox 621 1722 721 1766; x_wconf 87' lang='lat' dir='ltr'>duas</span> <span class='ocrx_word' id='word_1_160' title='bbox 754 1725 1001 1777; x_wconf 66' lang='lat' dir='ltr'>sententiam,</span> <span class='ocrx_word' id='word_1_161' title='bbox 1045 1741 1211 1782; x_wconf 85' lang='lat' dir='ltr'>quarum</span> <span class='ocrx_word' id='word_1_162' title='bbox 1245 1729 1372 1772; x_wconf 83' lang='lat' dir='ltr'>altera</span> <span class='ocrx_word' id='word_1_163' title='bbox 1405 1730 1534 1788; x_wconf 80' lang='lat'>(823)</span> <span class='ocrx_word' id='word_1_164' title='bbox 1565 1732 1662 1776; x_wconf 78' lang='lat' dir='ltr'>haec</span> <span class='ocrx_word' id='word_1_165' title='bbox 1692 1737 1778 1777; x_wconf 71' lang='lat' dir='ltr'>ent:</span> 
     </span>
     <span class='ocr_line' id='line_1_21' title="bbox 349 1798 1775 1866; baseline 0.011 -24"><span class='ocrx_word' id='word_1_166' title='bbox 349 1803 474 1853; x_wconf 84' lang='grc' dir='ltr'><strong><em>Μήτε</em></strong></span> <span class='ocrx_word' id='word_1_167' title='bbox 507 1801 591 1844; x_wconf 81' lang='grc' dir='ltr'><strong><em>τιν’</em></strong></span> <span class='ocrx_word' id='word_1_168' title='bbox 615 1798 715 1854; x_wconf 77' lang='grc' dir='ltr'><strong><em>αῧξε</em></strong></span> <span class='ocrx_word' id='word_1_169' title='bbox 749 1807 962 1860; x_wconf 67' lang='grc' dir='ltr'><strong><em>τύραννον</em></strong></span> <span class='ocrx_word' id='word_1_170' title='bbox 995 1804 1068 1848; x_wconf 80' lang='grc' dir='ltr'>ἐπ’</span> <span class='ocrx_word' id='word_1_171' title='bbox 1102 1807 1297 1859; x_wconf 82' lang='grc' dir='ltr'><strong><em>ἐλπίδι,</em></strong></span> <span class='ocrx_word' id='word_1_172' title='bbox 1333 1809 1566 1866; x_wconf 74' lang='grc' dir='ltr'><strong><em>κέρδεσιν</em></strong></span> <span class='ocrx_word' id='word_1_173' title='bbox 1598 1812 1775 1861; x_wconf 73' lang='grc' dir='ltr'><strong><em>εἴκων,</em></strong></span> 
     </span>
     <span class='ocr_line' id='line_1_22' title="bbox 348 1880 1397 1939; baseline 0.012 -22"><span class='ocrx_word' id='word_1_174' title='bbox 348 1880 450 1930; x_wconf 81' lang='grc' dir='ltr'><strong><em>μήτε</em></strong></span> <span class='ocrx_word' id='word_1_175' title='bbox 483 1883 621 1922; x_wconf 85' lang='grc' dir='ltr'><strong><em>κτεῖνε</em></strong></span> <span class='ocrx_word' id='word_1_176' title='bbox 657 1883 800 1924; x_wconf 79' lang='grc' dir='ltr'><strong><em>θεῶν</em></strong></span> <span class='ocrx_word' id='word_1_177' title='bbox 832 1883 994 1937; x_wconf 86' lang='grc' dir='ltr'><strong><em>ὅρκια</em></strong></span> <span class='ocrx_word' id='word_1_178' title='bbox 1025 1883 1397 1939; x_wconf 72' lang='grc' dir='ltr'><strong><em>συνθέμενος.</em></strong></span> 
     </span>
     <span class='ocr_line' id='line_1_23' title="bbox 290 1948 754 2008; baseline 0.015 -18"><span class='ocrx_word' id='word_1_179' title='bbox 290 1948 417 1991; x_wconf 85' lang='lat' dir='ltr'>altera</span> <span class='ocrx_word' id='word_1_180' title='bbox 450 1951 601 2008; x_wconf 82' lang='lat'>(1181)</span> <span class='ocrx_word' id='word_1_181' title='bbox 635 1954 754 1997; x_wconf 87' lang='lat' dir='ltr'>haec:</span> 
     </span>
    </p>

    <p class='ocr_par' dir='ltr' id='par_1_8' title="bbox 349 2017 1702 2087">
     <span class='ocr_line' id='line_1_24' title="bbox 349 2017 1702 2087; baseline 0.009 -17"><span class='ocrx_word' id='word_1_182' title='bbox 349 2027 643 2083; x_wconf 70' lang='grc' dir='ltr'><strong><em>δημοφάγον</em></strong></span> <span class='ocrx_word' id='word_1_183' title='bbox 678 2031 723 2075; x_wconf 79' lang='grc' dir='ltr'>δὲ</span> <span class='ocrx_word' id='word_1_184' title='bbox 757 2017 988 2087; x_wconf 67' lang='grc' dir='ltr'><strong><em>τύραννον,</em></strong></span> <span class='ocrx_word' id='word_1_185' title='bbox 1021 2035 1135 2085; x_wconf 83' lang='grc' dir='ltr'><em>ὅπως</em></span> <span class='ocrx_word' id='word_1_186' title='bbox 1167 2034 1351 2087; x_wconf 74' lang='grc' dir='ltr'><strong><em>ἐθέλεις,</em></strong></span> <span class='ocrx_word' id='word_1_187' title='bbox 1387 2036 1702 2082; x_wconf 76' lang='grc' dir='ltr'><strong><em>κατακλῖναι</em></strong></span> 
     </span>
    </p>

    <p class='ocr_par' dir='ltr' id='par_1_9' title="bbox 348 2104 1327 2166">
     <span class='ocr_line' id='line_1_25' title="bbox 348 2104 1327 2166; baseline 0.007 -19"><span class='ocrx_word' id='word_1_188' title='bbox 348 2104 396 2147; x_wconf 82' lang='grc' dir='ltr'>οὐ</span> <span class='ocrx_word' id='word_1_189' title='bbox 429 2105 593 2160; x_wconf 81' lang='grc' dir='ltr'><strong><em>νέμεσις</em></strong></span> <span class='ocrx_word' id='word_1_190' title='bbox 624 2111 727 2163; x_wconf 84' lang='grc' dir='ltr'><strong><em>πρὸς</em></strong></span> <span class='ocrx_word' id='word_1_191' title='bbox 762 2113 875 2154; x_wconf 81' lang='grc' dir='ltr'><strong><em>θεῶν</em></strong></span> <span class='ocrx_word' id='word_1_192' title='bbox 908 2112 1103 2164; x_wconf 79' lang='grc' dir='ltr'><strong><em>γίγνεται</em></strong></span> <span class='ocrx_word' id='word_1_193' title='bbox 1135 2112 1327 2166; x_wconf 80' lang='grc' dir='ltr'><strong><em>οὐδεμία.</em></strong></span> 
     </span>
    </p>

    <p class='ocr_par' dir='ltr' id='par_1_10' title="bbox 286 2178 1776 2785">
     <span class='ocr_line' id='line_1_26' title="bbox 349 2178 1776 2250; baseline 0.009 -30"><span class='ocrx_word' id='word_1_194' title='bbox 349 2178 443 2221; x_wconf 86' lang='lat' dir='ltr'>Non</span> <span class='ocrx_word' id='word_1_195' title='bbox 487 2180 593 2222; x_wconf 91' lang='lat' dir='ltr'>enim</span> <span class='ocrx_word' id='word_1_196' title='bbox 635 2182 734 2225; x_wconf 85' lang='lat' dir='ltr'>satis</span> <span class='ocrx_word' id='word_1_197' title='bbox 779 2184 956 2227; x_wconf 84' lang='lat' dir='ltr'>attendit</span> <span class='ocrx_word' id='word_1_198' title='bbox 983 2185 1032 2227; x_wconf 82' lang='lat' dir='ltr'>ad</span> <span class='ocrx_word' id='word_1_199' title='bbox 1064 2201 1131 2237; x_wconf 89' lang='lat' dir='ltr'>ea,</span> <span class='ocrx_word' id='word_1_200' title='bbox 1164 2202 1264 2243; x_wconf 81' lang='lat' dir='ltr'>quae</span> <span class='ocrx_word' id='word_1_201' title='bbox 1295 2187 1337 2229; x_wconf 90' lang='lat' dir='ltr'>in</span> <span class='ocrx_word' id='word_1_202' title='bbox 1372 2192 1540 2245; x_wconf 82' lang='lat' dir='ltr'>utraque</span> <span class='ocrx_word' id='word_1_203' title='bbox 1576 2188 1776 2250; x_wconf 77' lang='lat' dir='ltr'>sententia</span> 
     </span>
     <span class='ocr_line' id='line_1_27' title="bbox 289 2254 1776 2323; baseline 0.011 -29"><span class='ocrx_word' id='word_1_204' title='bbox 289 2254 514 2299; x_wconf 84' lang='lat' dir='ltr'>adduntur:</span> <span class='ocrx_word' id='word_1_205' title='bbox 549 2257 617 2304; x_wconf 71' lang='grc' dir='ltr'>ἐπ’</span> <span class='ocrx_word' id='word_1_206' title='bbox 647 2262 790 2305; x_wconf 77' lang='grc' dir='ltr'><strong><em>ἐλπίδι</em></strong></span> <span class='ocrx_word' id='word_1_207' title='bbox 819 2263 1009 2319; x_wconf 79' lang='grc' dir='ltr'><strong><em>κέρδεσιν</em></strong></span> <span class='ocrx_word' id='word_1_208' title='bbox 1042 2266 1166 2309; x_wconf 81' lang='grc' dir='ltr'><strong><em>εἴκων</em></strong></span> <span class='ocrx_word' id='word_1_209' title='bbox 1199 2269 1239 2306; x_wconf 79' lang='lat' dir='ltr'>et</span> <span class='ocrx_word' id='word_1_210' title='bbox 1268 2269 1382 2310; x_wconf 76' lang='grc' dir='ltr'><strong><em>θεῶν</em></strong></span> <span class='ocrx_word' id='word_1_211' title='bbox 1409 2268 1536 2322; x_wconf 77' lang='grc' dir='ltr'><strong><em>ὅρκια</em></strong></span> <span class='ocrx_word' id='word_1_212' title='bbox 1567 2267 1776 2323; x_wconf 73' lang='grc' dir='ltr'><strong><em>συνθέμε-</em></strong></span> 
     </span>
     <span class='ocr_line' id='line_1_28' title="bbox 290 2332 1774 2399; baseline 0.007 -23"><span class='ocrx_word' id='word_1_213' title='bbox 290 2351 361 2383; x_wconf 86' lang='grc' dir='ltr'>νος</span> <span class='ocrx_word' id='word_1_214' title='bbox 399 2332 440 2374; x_wconf 88' lang='lat' dir='ltr'>in</span> <span class='ocrx_word' id='word_1_215' title='bbox 472 2334 626 2390; x_wconf 83' lang='lat' dir='ltr'>priore,</span> <span class='ocrx_word' id='word_1_216' title='bbox 658 2337 699 2379; x_wconf 87' lang='lat' dir='ltr'>in</span> <span class='ocrx_word' id='word_1_217' title='bbox 732 2339 950 2394; x_wconf 86' lang='lat' dir='ltr'>posteriore</span> <span class='ocrx_word' id='word_1_218' title='bbox 983 2355 1072 2383; x_wconf 85' lang='lat' dir='ltr'>vcro</span> <span class='ocrx_word' id='word_1_219' title='bbox 1105 2342 1379 2399; x_wconf 79' lang='grc' dir='ltr'><strong><em>δημοφάγον,</em></strong></span> <span class='ocrx_word' id='word_1_220' title='bbox 1415 2342 1474 2384; x_wconf 81' lang='lat' dir='ltr'>ita</span> <span class='ocrx_word' id='word_1_221' title='bbox 1510 2347 1556 2385; x_wconf 89' lang='lat' dir='ltr'>ut</span> <span class='ocrx_word' id='word_1_222' title='bbox 1586 2342 1774 2387; x_wconf 77' lang='lat' dir='ltr'>facillime</span> 
     </span>
     <span class='ocr_line' id='line_1_29' title="bbox 288 2408 1775 2476; baseline 0.008 -27"><span class='ocrx_word' id='word_1_223' title='bbox 288 2408 428 2456; x_wconf 85' lang='lat' dir='ltr'>ambae</span> <span class='ocrx_word' id='word_1_224' title='bbox 460 2410 566 2453; x_wconf 85' lang='lat' dir='ltr'>inter</span> <span class='ocrx_word' id='word_1_225' title='bbox 597 2427 638 2454; x_wconf 81' lang='lat' dir='ltr'>se</span> <span class='ocrx_word' id='word_1_226' title='bbox 672 2414 874 2458; x_wconf 79' lang='lat' dir='ltr'>conciliari</span> <span class='ocrx_word' id='word_1_227' title='bbox 908 2417 1080 2473; x_wconf 85' lang='lat' dir='ltr'>possint.</span> <span class='ocrx_word' id='word_1_228' title='bbox 1144 2417 1196 2459; x_wconf 84' lang='lat' dir='ltr'>Et</span> <span class='ocrx_word' id='word_1_229' title='bbox 1236 2417 1398 2475; x_wconf 79' lang='lat' dir='ltr'>ambigo</span> <span class='ocrx_word' id='word_1_230' title='bbox 1430 2418 1526 2476; x_wconf 83' lang='lat' dir='ltr'>qnid</span> <span class='ocrx_word' id='word_1_231' title='bbox 1557 2419 1600 2462; x_wconf 86' lang='lat' dir='ltr'>in</span> <span class='ocrx_word' id='word_1_232' title='bbox 1632 2425 1775 2476; x_wconf 80' lang='lat' dir='ltr'>poste-</span> 
     </span>
     <span class='ocr_line' id='line_1_30' title="bbox 289 2483 1773 2549; baseline 0.01 -24"><span class='ocrx_word' id='word_1_233' title='bbox 289 2483 391 2527; x_wconf 85' lang='lat' dir='ltr'>riore</span> <span class='ocrx_word' id='word_1_234' title='bbox 415 2485 617 2542; x_wconf 83' lang='lat' dir='ltr'>significet</span> <span class='ocrx_word' id='word_1_235' title='bbox 637 2493 914 2542; x_wconf 76' lang='grc' dir='ltr'><strong><em>κατακλῖναι,</em></strong></span> <span class='ocrx_word' id='word_1_236' title='bbox 941 2493 1047 2549; x_wconf 90' lang='lat' dir='ltr'>quod</span> <span class='ocrx_word' id='word_1_237' title='bbox 1070 2493 1248 2545; x_wconf 85' lang='lat' dir='ltr'>verbum,</span> <span class='ocrx_word' id='word_1_238' title='bbox 1276 2494 1371 2538; x_wconf 86' lang='lat' dir='ltr'>licet</span> <span class='ocrx_word' id='word_1_239' title='bbox 1392 2495 1556 2539; x_wconf 84' lang='lat' dir='ltr'>verbum</span> <span class='ocrx_word' id='word_1_240' title='bbox 1577 2495 1773 2540; x_wconf 86' lang='lat' dir='ltr'>Latinum</span> 
     </span>
     <span class='ocr_line' id='line_1_31' title="bbox 286 2563 1770 2629; baseline 0.01 -27"><span class='ocrx_word' id='word_1_241' title='bbox 286 2568 464 2604; x_wconf 73' lang='lat' dir='ltr'>sternere</span> <span class='ocrx_word' id='word_1_242' title='bbox 479 2563 656 2619; x_wconf 83' lang='lat' dir='ltr'>aliquam</span> <span class='ocrx_word' id='word_1_243' title='bbox 685 2566 722 2622; x_wconf 90' lang='lat' dir='ltr'>l)</span> <span class='ocrx_word' id='word_1_244' title='bbox 745 2582 838 2610; x_wconf 82' lang='lat' dir='ltr'>sane</span> <span class='ocrx_word' id='word_1_245' title='bbox 860 2568 999 2611; x_wconf 85' lang='lat' dir='ltr'>offerat</span> <span class='ocrx_word' id='word_1_246' title='bbox 1027 2570 1349 2624; x_wconf 81' lang='lat' dir='ltr'>similitudinem,</span> <span class='ocrx_word' id='word_1_247' title='bbox 1372 2588 1578 2629; x_wconf 86' lang='lat' dir='ltr'>nunquam</span> <span class='ocrx_word' id='word_1_248' title='bbox 1607 2574 1770 2617; x_wconf 76' lang='lat' dir='ltr'>memini</span> 
     </span>
     <span class='ocr_line' id='line_1_32' title="bbox 286 2638 1770 2707; baseline 0.011 -29"><span class='ocrx_word' id='word_1_249' title='bbox 286 2638 551 2693; x_wconf 70' lang='lat' dir='ltr'>interficiendi</span> <span class='ocrx_word' id='word_1_250' title='bbox 590 2657 709 2685; x_wconf 83' lang='lat' dir='ltr'>sensu</span> <span class='ocrx_word' id='word_1_251' title='bbox 758 2644 985 2688; x_wconf 87' lang='lat' dir='ltr'>adhibitum</span> <span class='ocrx_word' id='word_1_252' title='bbox 1026 2661 1087 2688; x_wconf 84' lang='lat' dir='ltr'>me</span> <span class='ocrx_word' id='word_1_253' title='bbox 1129 2648 1271 2692; x_wconf 81' lang='lat' dir='ltr'>videre.</span> <span class='ocrx_word' id='word_1_254' title='bbox 1337 2650 1378 2692; x_wconf 91' lang='lat' dir='ltr'>Si</span> <span class='ocrx_word' id='word_1_255' title='bbox 1413 2656 1644 2707; x_wconf 85' lang='lat' dir='ltr'>corruptum</span> <span class='ocrx_word' id='word_1_256' title='bbox 1682 2656 1770 2705; x_wconf 78' lang='lat' dir='ltr'>est,</span> 
     </span>
     <span class='ocr_line' id='line_1_33' title="bbox 290 2719 1772 2785; baseline 0.011 -29"><span class='ocrx_word' id='word_1_257' title='bbox 290 2720 425 2757; x_wconf 87' lang='lat' dir='ltr'>utrum</span> <span class='ocrx_word' id='word_1_258' title='bbox 459 2719 774 2764; x_wconf 79' lang='grc' dir='ltr'><strong><em>καταλῦσαι</em></strong></span> <span class='ocrx_word' id='word_1_259' title='bbox 809 2722 871 2764; x_wconf 89' lang='lat' dir='ltr'>vel</span> <span class='ocrx_word' id='word_1_260' title='bbox 905 2732 1271 2770; x_wconf 80' lang='grc' dir='ltr'><strong><em>καταπαῦσαι</em></strong></span> <span class='ocrx_word' id='word_1_261' title='bbox 1303 2726 1427 2770; x_wconf 85' lang='lat' dir='ltr'>latere</span> <span class='ocrx_word' id='word_1_262' title='bbox 1448 2732 1590 2784; x_wconf 79' lang='lat' dir='ltr'>putas,</span> <span class='ocrx_word' id='word_1_263' title='bbox 1628 2742 1678 2771; x_wconf 87' lang='lat' dir='ltr'>an</span> <span class='ocrx_word' id='word_1_264' title='bbox 1702 2743 1772 2785; x_wconf 80' lang='lat' dir='ltr'>po-</span> 
     </span>
    </p>
   </div>
   <div class='ocr_carea' id='block_1_5' title="bbox 283 2898 1771 2994">
    <p class='ocr_par' dir='ltr' id='par_1_11' title="bbox 283 2898 1771 2994">
     <span class='ocr_line' id='line_1_34' title="bbox 332 2898 1771 2951; baseline 0.009 -22"><span class='ocrx_word' id='word_1_265' title='bbox 332 2898 362 2936; x_wconf 74' lang='lat' dir='ltr'>l)</span> <span class='ocrx_word' id='word_1_266' title='bbox 388 2900 534 2941; x_wconf 76' lang='lat' dir='ltr'>Aliquam</span> <span class='ocrx_word' id='word_1_267' title='bbox 568 2900 648 2939; x_wconf 80' lang='lat' dir='ltr'>dixi,</span> <span class='ocrx_word' id='word_1_268' title='bbox 680 2912 748 2933; x_wconf 79' lang='lat' dir='ltr'>nam</span> <span class='ocrx_word' id='word_1_269' title='bbox 786 2903 1021 2937; x_wconf 67' lang='grc' dir='ltr'><strong><em>καταιλόηον</em></strong></span> <span class='ocrx_word' id='word_1_270' title='bbox 1054 2915 1112 2936; x_wconf 90' lang='lat' dir='ltr'>non</span> <span class='ocrx_word' id='word_1_271' title='bbox 1146 2913 1191 2937; x_wconf 81' lang='lat' dir='ltr'>est</span> <span class='ocrx_word' id='word_1_272' title='bbox 1225 2910 1390 2947; x_wconf 69' lang='lat' dir='ltr'>sternere,</span> <span class='ocrx_word' id='word_1_273' title='bbox 1423 2907 1473 2939; x_wconf 75' lang='lat' dir='ltr'>aod</span> <span class='ocrx_word' id='word_1_274' title='bbox 1492 2911 1605 2949; x_wconf 67' lang='lat' dir='ltr'>fixere</span> <span class='ocrx_word' id='word_1_275' title='bbox 1630 2910 1666 2940; x_wconf 72' lang='lat' dir='ltr'>ut</span> <span class='ocrx_word' id='word_1_276' title='bbox 1700 2910 1771 2951; x_wconf 68' lang='lat' dir='ltr'>quis</span> 
     </span>
     <span class='ocr_line' id='line_1_35' title="bbox 283 2959 453 2994; baseline 0.024 -4"><span class='ocrx_word' id='word_1_277' title='bbox 283 2959 453 2994; x_wconf 69' lang='lat' dir='ltr'>dee-nubat.</span> 
     </span>
    </p>
   </div>
  </div>
 </body>
</html>
