1890 3294
1003 224 1077 293 50⁶

542 382 664 436 φίλος
682 379 740 422 Μ.
774 379 898 435 φιλος
926 377 980 421 Η.
1013 381 1063 422 ὅσ
1087 397 1163 423 τον
1187 383 1359 434 ἑταιρον
1381 378 1452 431 Η.,
1484 378 1631 423 deinde
1652 382 1786 439 ὀργην

544 483 598 489 -
631 476 730 501 αντι
763 481 820 487 —
852 473 902 500 συ
935 455 971 499 δ’
1004 473 1093 511 εμοι
1124 456 1220 509 φιλε
1250 454 1371 500 ταῦτ’
1409 459 1636 514 ἐπιθυμῶν
1669 456 1726 501 Η.
1758 442 1764 447 .

290 534 362 577 Vs.
425 535 506 577 417
543 539 606 578 εῖσ
641 549 712 589 pro
740 538 786 578 ἐσ
811 531 870 575 Η.

321 638 343 664 ,Ι
397 612 507 653 1211
543 610 580 654 δ’
615 613 767 662 ἐνναζε
806 609 860 652 Η.

320 714 342 739 ΙΙ
398 689 508 729 1244
542 704 717 731 πιστεοσ
755 685 814 728 Μ.
847 703 1029 731 πιστεωσ
1061 685 1118 727 Η.

320 790 343 818 ,,
397 766 508 806 1252
536 765 667 810 danea
700 763 758 806 H.

323 867 346 894 Ι,
399 841 508 883 1247
546 848 677 898 εχθοσ
706 839 766 882 Μ.
799 847 956 897 εχθροσ
987 836 1041 882 Η.

321 943 343 970 ,Ι
394 917 509 959 1285
545 931 686 959 manus
718 915 847 958 multo
878 914 1080 957 recentior
1109 914 1312 970 supplevit
1344 916 1393 959 οὐ
1422 922 1502 969 γάρ
1539 933 1607 959 τοι
1633 933 1684 971 με
1712 915 1786 959 ,δό-

540 995 615 1038 λωι
649 993 703 1036 Μ.
739 992 843 1034 addo
877 992 946 1045 „in
979 991 1162 1047 margine
1192 990 1312 1047 nigro
1341 988 1596 1033 atramento'’
1630 989 1684 1034 H.

316 1099 337 1125 ,Ι
392 1072 502 1127 1317
540 1091 586 1115 ευ
619 1073 750 1127 ερδων
792 1068 845 1112 H.

318 1176 338 1202 ,Ι
394 1150 502 1191 1377
538 1149 666 1204 φίλον
701 1147 759 1190 Μ.
792 1150 863 1189 aut
889 1164 1019 1203 φιμον
1051 1149 1120 1187 aut
1151 1147 1312 1201 φιλιον.
1345 1144 1398 1188 H.

345 1372 546 1415 Devorato
563 1404 573 1424 ,
609 1370 643 1412 si
675 1384 762 1414 non
781 1368 963 1419 inutilis,
996 1367 1147 1423 ingrati
1168 1373 1302 1409 tamen
1323 1366 1471 1410 laboris
1492 1366 1644 1420 taedio,
1667 1367 1782 1423 paul-

284 1449 405 1505 lisper
436 1449 618 1491 animum
652 1447 751 1489 mihi
783 1445 970 1489 recreabo
1002 1445 1186 1488 addendo
1219 1460 1343 1501 pauca
1375 1443 1782 1501 quibu8‚praeterea

284 1541 385 1582 quae
417 1525 457 1567 in
492 1524 768 1580 superioribus
801 1523 916 1575 dedi,
949 1521 1130 1564 adiuvari
1154 1536 1269 1577 posse
1302 1523 1384 1563 sive
1404 1521 1780 1577 interpretationem

285 1605 368 1646 sive
400 1603 522 1646 crisin
555 1601 879 1657 Theognhleam,
918 1614 940 1642 e
972 1599 1145 1655 repetita
1175 1599 1351 1641 lectione
1382 1597 1582 1642 intellexi.
1634 1597 1783 1641 Ordiar

285 1696 308 1723 a
339 1695 395 1723 VS.
430 1682 453 1721 8
477 1695 559 1736 sq.‚
592 1678 660 1721 ubi
693 1679 788 1720 haec
819 1677 1055 1733 leguntur:

581 1759 805 1811 πᾶσα-μὲν
839 1755 1035 1812 ἐπλήσθη
1075 1754 1214 1809 Δῆλος
1248 1755 1467 1810 ἀπειρεσίη

578 1834 708 1888 ὀδμῆς
737 1834 990 1889 ἀμβροσίης.

284 1909 344 1951 De
385 1908 505 1951 odore
551 1908 691 1950 divino
735 1907 850 1949 utilia
892 1905 1087 1963 quaedam
1127 1905 1286 1947 monuit
1317 1904 1528 1947 Conradus
1560 1903 1778 1947 Schwenek

283 1985 325 2028 in
362 1986 577 2041 Philologo
613 2001 648 2027 a.
687 1986 798 2027 1861
833 1999 871 2039 p.
905 1985 986 2025 451
1021 1998 1130 2039 sqq.,
1165 1982 1335 2024 afferens
1367 1981 1514 2024 Aesch.
1550 1981 1683 2024 Prom.
1719 1995 1774 2024 vs.

285 2064 390 2114 115,
427 2061 593 2104 Homeri
629 2060 678 2103 Il.
711 2060 748 2102 O
783 2062 891 2111 153,
927 2059 1075 2116 Hymn.
1113 2059 1157 2101 iu
1192 2058 1314 2101 Mero.
1356 2059 1435 2100 237
1474 2063 1517 2100 et
1552 2057 1701 2115 Hy'inn.
1734 2058 1776 2102 in

281 2137 370 2182 Cer.
422 2139 500 2181 277
556 2153 612 2194 sq.
679 2137 838 2190 Quibus
886 2137 986 2179 locis
1031 2136 1132 2179 adde
1182 2136 1350 2192 Vergilii
1398 2151 1554 2179 versum
1587 2149 1611 2176 e
1646 2134 1777 2191 primo

282 2214 474 2256 Aeneidis
507 2213 558 2256 de
592 2213 747 2255 Venere
781 2213 931 2255 hunce:

462 2291 774 2346 Ambrosiaeque
807 2304 943 2333 comae
977 2289 1157 2332 divinum
1191 2290 1340 2332 vertice
1373 2289 1537 2332 odorem

462 2368 682 2424 Spiravere.

342 2444 413 2486 Vs.
447 2445 500 2485 48
520 2476 531 2495 ,
566 2458 683 2500 quem
714 2458 834 2499 supra
864 2457 956 2499 pag.
992 2444 1016 2483 2
1052 2442 1228 2495 tentavi,
1261 2442 1455 2485 librorum
1488 2441 1607 2484 lectio
1634 2448 1772 2487 κεῖται

282 2535 331 2563 ne
373 2520 431 2563 sic
472 2520 633 2577 quidem
676 2519 835 2562 defendi
878 2524 1036 2575 potest,
1081 2524 1125 2561 ut
1169 2519 1304 2570 dicas,
1350 2519 1451 2562 illud
1489 2518 1653 2562 verbum
1683 2533 1774 2576 pro-

281 2597 412 2654 prium
447 2612 532 2639 esse
566 2597 615 2639 de
637 2597 844 2639 desidibus,
878 2595 973 2638 Non
1003 2596 1110 2638 enim
1135 2596 1183 2639 de
1207 2596 1360 2639 desidia
1385 2594 1443 2637 ibi
1457 2627 1470 2647 ‚
1499 2593 1570 2637 sed
1594 2593 1643 2636 de
1663 2600 1773 2636 mn·

280 2674 498 2732 quiditate,
542 2689 670 2716 sermo
712 2678 791 2724 est,
835 2686 934 2728 quae
976 2677 1023 2714 ut
1065 2686 1126 2714 res
1169 2671 1274 2714 bona
1309 2670 1512 2722 laudatur,
1545 2668 1653 2726 quod
1684 2668 1772 2725 ipsa

281 2751 473 2793 orationis
513 2752 639 2792 forma
677 2749 791 2806 (μηδ’
826 2753 862 2793 εἰ
904 2749 998 2803 νῦν)
1043 2747 1202 2790 abunde
1235 2747 1424 2790 declarat.
1487 2745 1604 2790 Locis
1634 2753 1770 2796 antem

279 2841 303 2868 a
335 2842 396 2869 me
427 2826 557 2869 allatis
588 2825 761 2867 addatur
794 2840 849 2868 vs.
884 2827 967 2868 632
1003 2840 1087 2881 sq.:

1210 2907 1305 2948 αἶέν
1340 2905 1395 2946 ἐν
1425 2905 1575 2952 ἄταις,

371 2983 534 3036 Κύρνε,
567 2984 659 3024 καὶ
693 2984 748 3024 ἐν
779 2981 1054 3036 μεγάλαις
1088 2987 1276 3024 κεῖται
1309 2980 1674 3036 ἀμηχανίαις.
