1890 3294
974 247 1028 287 68

252 383 408 442 placet;
454 380 551 424 mihi
592 394 675 422 non
717 374 905 434 displicet
946 372 1054 429 quod
1086 369 1260 414 coniecit
1295 368 1454 411 Ahrens
1494 367 1759 423 μετ-ἴωσιν,

255 466 420 518 propter
447 457 659 515 sequentia
689 454 811 498 verba
843 454 1011 512 ἔρχεται
1041 455 1081 493 et
1115 451 1281 494 ἕπεται.
1324 445 1409 502 Ipsi
1440 442 1540 487 mihi
1571 442 1614 485 in
1647 455 1760 484 men-

255 544 339 581 tem
370 539 535 579 venerat
567 537 794 592 θηρῶσιν
822 532 871 589 l).
934 527 1176 572 Tralatioius
1209 539 1318 568 error
1347 523 1450 566 latet
1478 520 1524 563 in
1555 531 1670 576 sqq.:

944 607 1106 665 ταχέως
1138 605 1177 648 δ’
1210 604 1494 659 ἄναμίσγεται
1523 603 1632 656 ἄτη·

372 728 382 740 .
436 695 542 751 α’ρχὴ
577 690 615 735 δ’
646 691 690 740 ἐξ
720 688 871 741 ὀλίγον
903 687 1100 740 γίγνεται
1133 683 1238 726 ὥστε
1271 683 1435 736 πυρὸς,

437 770 656 826 φλαυρὴ
689 768 768 822 μὲν
801 768 848 808 τὸ
879 766 1080 819 πρῶτον,
1112 760 1266 815 οἷνιηρὴ
1301 757 1347 800 δὲ
1379 754 1576 810 τελευτᾷ.

319 846 428 889 Nam
468 846 714 901 φλαυρός
749 839 912 883 Graecis
931 837 1039 880 idem
1073 840 1156 888 est,
1201 833 1311 890 quod
1343 835 1527 881 κακός.
1590 825 1670 869 Sed
1702 839 1762 868 re>

263 923 436 980 quiritur
451 940 480 977 φ
494 927 559 965 αύ
573 921 597 964 λ
610 939 654 978 η,
670 918 697 961 i.
719 933 754 961 e.
771 915 1123 965 contemnendum,
1143 908 1488 954 animadversione
1505 906 1572 948 vix
1583 903 1761 962 diqnum.

321 999 543 1056 Aliquanto
580 995 741 1040 maioris
773 993 968 1037 momenti
1000 996 1062 1034 est
1091 987 1318 1033 emendatio
1349 1001 1427 1029 vss.
1465 986 1521 1027 33
1546 997 1631 1039 sqq.
1645 1013 1657 1034 ,
1690 978 1760 1022 ubi

262 1091 394 1120 sermo
426 1080 487 1118 est
518 1075 567 1117 de
599 1078 734 1124 certa,
766 1070 949 1127 quamvis
981 1083 1088 1121 sera,
1119 1065 1300 1126 numini-‘s
1331 1062 1537 1106 vindicta:

381 1157 539 1212 θνητοὶ
573 1151 612 1196 δ’
637 1144 720 1195 ὧδε
754 1155 930 1205 νοεῦμεν
962 1151 1076 1204 ὁμῶς
1108 1147 1277 1199 ἀγαθός
1309 1160 1354 1186 τε
1385 1143 1515 1190 κακός
1545 1150 1613 1181 τε·

383 1235 439 1278 ἓν
477 1232 634 1285 δήειν
669 1228 797 1279 αὐτὸς
830 1227 963 1278 δόξαν
997 1226 1148 1276 ἕκαςος
1181 1223 1293 1279 ἔχει,

385 1311 488 1366 πρίν
521 1325 563 1351 τι
594 1311 784 1349 παθεῖν·
817 1307 905 1347 κτὲ.

326 1386 394 1428 Ita
435 1383 585 1440 absque
623 1381 771 1423 idoneo
805 1393 927 1422 sensu
960 1377 1057 1419 haec
1087 1373 1216 1416 edidit
1247 1369 1397 1426 Bergk.
1462 1364 1576 1409 Libri
1605 1361 1765 1407 variant

266 1464 393 1506 inter:
436 1467 491 1507 ἐκ
537 1464 636 1517 δὴν
673 1465 763 1515 ἣν,
798 1462 852 1503 ἐν
887 1458 948 1512 δὴ
980 1460 1065 1510 ἣν,
1099 1451 1179 1495 alia
1214 1448 1340 1504 magis
1369 1445 1491 1488 etiam
1523 1441 1763 1498 depravata3

267 1556 369 1598 quae
420 1538 513 1582 vide
560 1536 667 1594 apud
713 1535 862 1591 ipsum.
932 1528 1142 1574 Sententia
1190 1529 1352 1569 tantum
1398 1535 1481 1564 non
1527 1518 1675 1562 clamat
1722 1514 1765 1557 in

268 1619 483 1662 ΕΚΔΗΝ
483 1618 583 1658 ΗΝ
609 1612 735 1654 latere
765 1609 1092 1654 eKAYNfflN.

538 1691 802 1734 ἐκδύνειν
836 1689 962 1736 αὐτὸς
996 1685 1128 1735 δόξαν
1159 1681 1312 1731 {nagog
1344 1678 1455 1735 Γἔχει,

269 1772 445 1828 effuyere
462 1771 588 1810 semet
605 1766 736 1822 ipsum
763 1763 944 1819 (deorum
966 1757 1204 1812 vindictam)
1225 1753 1500 1811 unusquisque
1518 1763 1673 1806 semper
1692 1761 1766 1803 pu·

270 1854 348 1902 tat,
373 1847 500 1889 donec
524 1858 568 1886 se
589 1843 664 1885 hae
688 1840 879 1898 opinione
901 1838 1047 1880 falsum
1071 1848 1157 1877 esse
1177 1831 1395 1886 intellegit.
1429 1828 1495 1871 Ad
1516 1824 1627 1869 verbi
1647 1837 1766 1867 usum

270 1940 457 1982 compara
489 1938 526 1966 v.
560 1935 595 1963 c.
626 1918 745 1962 Iliad.
781 1917 814 1959 B
846 1918 925 1967 99,
965 1913 1104 1968 Eurip.
1138 1910 1230 1967 Iph.
1262 1909 1308 1952 T.
1343 1908 1424 1949 602
1444 1939 1456 1960 ,
1490 1902 1629 1960 Suppl.
1665 1902 1767 1945 416.

330 2079 590 2122 Puocrmms
620 2074 763 2129 fragm.
802 2070 865 2113 X:

450 2157 658 2213 δίζησθαι
691 2154 867 2209 βιοτήν·
900 2148 1057 2202 ἀρετὴν
1091 2141 1145 2193 δ’,
1177 2144 1283 2185 ὅταν
1316 2138 1340 2197 ᾗ
1374 2140 1467 2196 βίος
1500 2136 1595 2193 ἤδη.

271 2233 467 2277 imitando
498 2228 690 2288 expressit
720 2224 915 2268 Horatius
945 2220 1073 2277 Epist.
1109 2219 1155 2270 I,
1191 2220 1240 2268 1,
1277 2218 1331 2258 54
1364 2230 1450 2270 sq.:

453 2310 489 2351 Ο
520 2308 624 2351 cives
657 2305 785 2353 cives,
817 2298 1044 2358 quaerenda
1075 2295 1245 2352 pecunia
1275 2293 1450 2349 primum
1481 2293 1567 2339 est,

451 2386 593 2428 Virtus
623 2386 715 2439 post
745 2377 953 2424 nummos!

329 2465 411 2507 Res
443 2467 504 2505 est
540 2461 640 2504 adeo
683 2456 918 2507 manifesto,
963 2457 1009 2495 ut
1051 2449 1229 2493 nondum
1278 2447 1463 2502 cuiquam
1513 2442 1768 2485 observatum

273 2557 360 2587 esse
406 2541 470 2583 vix
503 2537 663 2582 credere
697 2534 862 2593 possim.
922 2530 1087 2573 Adnoto
1116 2533 1273 2576 tamen,
1305 2523 1400 2579 quia
1430 2522 1473 2564 in
1506 2519 1604 2562 meis
1635 2517 1768 2560 Flacci

277 2616 575 2675 exemplaribus
619 2613 723 2656 nihil
765 2608 962 2654 eiusmodi
1004 2610 1188 2649 notatum
1238 2599 1406 2657 repperi.
1470 2597 1604 2650 Quare
1634 2597 1768 2637 actum

278 2696 414 2755 agenti
446 2694 503 2737 sit
533 2709 556 2736 a
586 2690 804 2735 lectoribus
835 2685 966 2730 venia.

327 2890 356 2929 1)
386 2887 536 2920 Similiter
562 2884 700 2926 Euripidi
726 2895 774 2925 ap.
798 2882 964 2914 stobaeum
987 2877 1087 2915 43,20
1113 2885 1168 2918 pro
1193 2873 1386 2915 τιμώμεθα
1404 2881 1421 2901 a
1442 2868 1588 2909 Berglero
1603 2867 1676 2899 oiim
1697 2863 1768 2896 red-

278 2952 377 2982 ditum
401 2955 446 2981 est
471 2947 699 2993 θηρόμιθα,
735 2946 892 2985 ιῑίἆεῐηψιο
918 2953 973 2982 ego
996 2940 1115 2972 restitui
1141 2938 1316 2982 θηρῶμεν
1344 2945 1398 2975 pro
1422 2931 1582 2973 τιμόμεν
1610 2939 1658 2971 up.
1682 2926 1770 2959 Stob-

283 3012 398 3051 88,10,
427 3022 487 3043 nou
510 3010 706 3054 improbante
733 3006 890 3039 Dindorfio
914 3004 951 3036 ad
978 3003 1050 3035 Eur.
1078 3003 1114 3034 fr.
1145 3001 1203 3038 (ed.
1233 3001 1253 3030 V
1284 3000 1371 3031 Scen.
1398 2997 1477 3037 Gr.)-
